3992 5213
627 371 942 566 ’ςςὲξ
1167 431 1793 530 ΙΤΕΒ.
2013 380 3391 526 Atat-NUM'

762 569 1042 686 passim
1103 597 1434 685 quoque
1487 569 1934 682 sulphureae
1995 569 2289 678 pluviae
2334 565 2685 654 formam
2738 567 3277 664 mentiantur-3
3336 567 3507 660 Cui.

766 683 1193 795 postremae
1240 683 1658 769 sententiae
1705 671 2105 790 probabili
2155 681 2503 766 maxime
2556 675 2973 766 subscribit
3006 678 3359 766 Erhard
3380 681 3509 768 E-

746 795 1014 902 sther.
1077 791 1659 904 Beschreibung
1700 791 1842 873 der
1875 789 2356 901 Zurichfte,
2392 817 2469 902 p.
2506 820 2540 875 1
2564 817 2691 901 53.
3084 813 3101 822 ’

885 907 1009 992 Ex
1064 907 1367 1003 venti8‚
1434 905 1576 1016 qui
1627 906 1712 988 in
1765 905 1924 988 hoc
1993 899 2231 988 Lacu
2280 903 2629 990 maxime
2684 899 3059 1004 saeviunt,
3112 901 3199 987 &
3242 909 3509 993 nautis

771 1035 1086 1104 metum
1125 1015 1572 1112 incutiunt,
1618 1014 2127 1098 memorandi
2170 1016 2506 1100 veniunt
2548 1009 2838 1118 Auster
2884 1012 2969 1096 δι
3004 1015 3223 1099 Aus-
3255 1015 3510 1103 Occi-

776 1129 986 1212 dens
1018 1125 1340 1234 (SW),
1393 1148 1640 1234 quem
1691 1143 2124 1233 propterea
2174 1122 2321 1206 den
2364 1119 2839 1230 Wetterfbn
2890 1147 3226 1222 vocant,
3280 1125 3513 1237 quod

776 1237 1016 1323 saevas
1058 1235 1265 1321 cieat
1306 1229 1842 1343 tempestates.
1957 1231 2129 1318 Nos
2174 1233 2378 1318 dum
2419 1233 2983 1344 navigabamus
3024 1236 3109 1320 in
3152 1235 3312 1324 hoc
3346 1239 3513 1324 La..

777 1371 928 1444 cu,
988 1349 1218 1434 binos
1255 1345 1672 1429 habuimus
1703 1363 1995 1430 ventos
2037 1341 2488 1455 oppositos,
2544 1345 2628 1427 in
2658 1343 2822 1428 ima
2864 1347 3094 1435 Aeris
3130 1345 3517 1459 Regione
3652 1373 3655 1376 ’

785 1457 1184 1556 Boream,
1240 1459 1323 1542 in
1357 1455 1770 1566 superiore
1829 1455 2263 1552 Austrum,
2318 1456 2461 1570 qui
2508 1451 2739 1538 nobis
2786 1454 3058 1540 laetam
3126 1461 3513 1568 promise-

780 1589 962 1653 rant
1008 1567 1518 1654 serenitatem
1545 1625 1573 1666 ,
1628 1591 1792 1651 non
1841 1563 2334 1652 obstantibus
2388 1563 2699 1650 nebulis
2746 1561 3013 1650 crassis
3054 1565 3141 1650 &
3190 1569 3517 1670 albidis,

783 1677 1114 1794 Reginae
1143 1681 1520 1761 montium
1548 1675 2071 1764 circumfusis.

903 1788 1321 1902 Perg'imus
1377 1789 1804 1895 Immenfi’a
1855 1788 2309 1894 Kufitacum
2347 1839 2371 1876 2
2441 1783 2541 1872 ab
2588 1813 2747 1874 una
2800 1783 3139 1876 statione
3194 1793 3516 1880 navium

789 1897 893 1987 ad
933 1904 1310 1996 alteram,
1367 1903 1412 1984 a
1461 1895 1695 1982 Lacu
1727 1897 2114 2006 Tugiensi
2170 1899 2273 1990 ad
2316 1897 2631 1984 Lacum
2684 1901 3281 1988 Lucernensem
3307 1957 3333 1998 ‚
3380 1903 3520 1991 seu

788 2009 943 2099 tv.
979 2013 1426 2094 Civitatum
1459 2005 2017 2116 Sylvestrium‚
2072 2033 2216 2120 per
2254 2005 2642 2098 Isthmum
2670 2009 3037 2097 dimidiae
3092 2013 3264 2098 fere
3296 2011 3519 2100 Leu-

791 2147 916 2206 cae
949 2116 1491 2205 Germanicae.
1615 2116 2103 2204 Ascenditur
2132 2119 2271 2204 hic
2303 2117 2655 2230 primum
2689 2118 2905 2204 clivo
2936 2147 3219 2232 parum
3240 2123 3323 2208 &
3344 2150 3523 2238 gra·
3682 2195 3695 2202 -

795 2229 1143 2315 dualiter
1181 2232 1508 2326 acclivi,
1561 2231 2040 2343 rursumque
2073 2229 2594 2339 descenditur
2632 2254 2779 2339 per
2812 2231 3023 2316 viam
3058 2233 3522 2334 obscuram,

795 2340 1673 2452 Arboribusutrinque
1721 2339 2125 2451 stipatam,
2184 2340 2367 2422 Die
2398 2337 2607 2422 Hole
2640 2338 2853 2442 Gass·
2906 2337 3228 2428 distam.
3341 2349 3527 2432 Hu-

663 2539 672 2546 ,
783 2448 916 2560 'jus
966 2453 1209 2537 tacita
1264 2451 1736 2538 umbrositas
1822 2451 2356 2537 ercommoda
2404 2449 2557 2535 fu'it
2608 2451 3096 2565 exequendo
3148 2451 3529 2544 Heroico

797 2563 915 2649 illi
941 2562 1184 2653 Aoni
1205 2623 1231 2662 ,
1289 2590 1457 2676 quo
1476 2564 1768 2649 Guilie'
1788 2591 1959 2647 mus
1973 2561 2284 2647 Tellius
2314 2559 2679 2649 strenuus
2709 2562 2843 2647 ille
2862 2563 3290 2650 Libertatis
3322 2569 3528 2655 Hel-

801 2678 1093 2760 veticae
1141 2676 1445 2763 vindex
1497 2680 1604 2763 A.
1657 2704 1694 2758 ι
1710 2703 1894 2788 307.
1953 2674 2695 2787 sagitta'cataptssta
2750 2670 3073 2761 excusi}
3114 2678 3531 2765 interfecit

801 2782 1290 2872 Praefefium
1323 2786 1800 2898 Tyrannum
1833 2788 2102 2883 illum,
2152 2787 2292 2900 qui
2319 2783 2545 2893 juxta
2582 2810 2773 2871 cum
2809 2786 2974 2871 aliis
3006 2787 3372 2873 violentis
3388 2787 3537 2899 Ju-

804 2898 1015 2979 rium
1057 2895 1665 2989 Austriacorum
1703 2894 2233 2981 Exaitoribus
2282 2898 2595 2981 causam
2638 2896 3133 3007 impulsivam
3164 2896 3247 2979 δι
3298 2926 3539 2985 occa-

811 3002 1188 3087 sionalem
1233 3002 1670 3109 Majoribus
1707 3002 1989 3088 nostris
2032 3005 2306 3099 dedit,
2328 3027 2415 3087 ut
2436 3005 2965 3115 Jugurn‚quo
2994 3002 3233 3113 preffi
3268 3032 3539 3105 erant,

811 3113 1314 3197 intolerabile
1363 3104 1751 3203 excutere
1785 3173 1811 3212 ,
1889 3112 2189 3199 &sese
2238 3115 2322 3199 in
2370 3112 2778 3224 pristinam
2843 3112 3353 3205 Libertatem
3408 3145 3543 3209 re-

803 3220 1146 3311 stituere
1183 3226 1623 3334 potuerint.
1731 3223 1903 3333 Ipse
1952 3244 2226 3310 autem
2257 3222 2571 3309 Tellius

845 3348 894 3381 ·'
1041 3330 1364 3417 Brutus
1404 3352 1588 3418 erat
1621 3334 1883 3432 nobis,
1937 3332 2121 3419 Uro
2158 3335 2638 3417 Guilielmus
2668 3336 2753 3417 in
2788 3333 3025 3419 Arvo

1043 3448 1410 3549 Affl’rtor
1434 3446 1761 3531 Patriae
1777 3503 1802 3543 ,
1858 3444 2181 3529 Vindex
2200 3505 2224 3543 ,
2277 3442 2688 3555 Ultorque
2719 3442 3215 3553 Tyranndm,

818 3556 1049 3752 guod
1091 3556 1694 3645 Testimonium
1737 3556 1884 3672 ipsi
1914 3558 2052 3643 dat
2102 3556 2521 3667 inscriptio
2573 3552 2899 3655 Sacelli,
2950 3558 3053 3643 ad
3112 3560 3325 3643 viam
3374 3584 3551 3649 me-

885 3671 1083 3765 iam‚
1117 3696 1612 3865 qiuamAEunc
1643 3670 2209 3781 pertransimus
2221 3726 2253 3769 ,
2278 3666 2364 3752 in
2404 3687 3031 3756 monumentum
3056 3664 3121 3752 F
3122 3664 3275 3761 affl
3312 3690 3551 3761 aeter-

824 3801 1025 3865 num
1059 3805 1159 3862 ex
1221 3807 1318 3864 ru
1437 3845 1452 3861 .

857 3928 875 3939 -
940 3888 1272 3973 Cecidit
1323 3892 1458 3975 hic
1507 3888 1983 4001 Tyrannus,
2057 3890 2549 3997 Hammanni
2594 3886 2829 3975 instar
2874 3891 3237 3988 alterius,
3290 3893 3376 3977 in
3418 3890 3557 3979 'fo-

824 4026 1102 4095 veam‚
1159 4025 1400 4113 quam
1423 4002 1692 4085 Tellio
1728 4002 2035 4112 paravit
2070 4003 2255 4110 ipsi,
2307 4000 2516 4114 juffu
2548 3998 2905 4113 praefeffl
2940 4000 3434 4103 deducendo
3468 4006 3555 4091 in

833 4114 1133 4196 Arcem
1191 4110 1682 4217 Kufitacum,
1743 4111 1838 4193 K
1823 4109 2203 4216 usr'tacht‚
2276 4139 2461 4227 quae
2518 4113 2733 4199 haud
2786 4110 3115 4198 distabat
3172 4115 3457 4221 procul
3506 4118 3562 4201 ὲ

831 4225 1020 4307 vico
1071 4220 1557 4307 Suitenfium
1593 4248 1768 4307 non
1816 4221 2203 4307 incelebri
2252 4245 2519 4337 neque
2568 4219 2999 4332 ineleganti
3025 4225 3563 4333 cognomine»

837 4358 1086 4448 quem
1119 4352 1338 4419 nune
1390 4330 1996 4446 pertransimus,
2060 4330 2505 4417 Lucernam
2557 4333 2763 4419 navi'
2796 4332 3150 4441 pet-ituri⁴
3404 4350 3413 4357 '

951 4442 1044 4528 In
1086 4445 1245 4527 hoc
1285 4444 1560 4542 Lacu,
1614 4470 1862 4561 quem
1913 4440 2491 4553 Lucernensem
2546 4440 2833 4551 vulgo,
2887 4442 3019 4525 vel
3052 4442 3203 4526 IV.
3243 4440 3569 4529 Civita-

833 4575 1009 4648 tum
1058 4552 1573 4669 ‘sylvestrium
1589 4613 1621 4657 ‚
1685 4553 1874 4644 Den
1917 4550 2333 4643 Lucerner
2376 4556 2579 4645 oder
2622 4553 2771 4673 IV.
2824 4552 2953 4638 W
2936 4552 3373 4667 alffldtten
3422 4552 3571 4637 See

993 4682 1004 4696 ·
1793 4699 1801 4707 .
1870 4678 1888 4712 ἐ
3425 4688 3595 4751 vo-
