3992 5213
693 446 698 455 ·
775 435 872 549 Q
933 433 1014 524 U
1073 435 1108 522 1
1165 433 1257 522 N
1309 429 1395 521 T
1450 425 1532 520 U
1591 431 1732 534 M,
1849 435 2135 514 mm
2188 415 2641 522 Moccvr.
2758 469 2769 476 ·
2996 449 3157 550 385

405 568 575 700 §it-i
603 619 626 655 ‚
661 581 754 651 ut
792 567 982 652 licet
1017 565 1406 678 podatos,
1459 587 1627 650 non
1682 552 1928 651 alatos
1963 567 2432 665 admittant,
2486 567 2665 652 illos
2718 583 2989 658 tamen
3026 599 3154 658 re..

401 701 728 792 jiciant.

534 787 940 900 Magnum
995 787 1330 903 quidem
1385 786 1876 897 scriptorum
1927 811 2301 875 veterum
2342 849 2369 890 ,
2436 787 2949 877 Draconibus
2998 795 3151 878 alas
3252 848 3267 860 ·

407 900 1000 999 tribuentium,
1053 899 1390 986 adducit
1427 925 1858 986 numerum
1893 897 2391 999 Bochartus,
2442 903 2493 986 1.
2514 929 2586 989 c.
2614 901 2697 986 &
2752 923 3019 988 tamen
3062 931 3159 988 o-

409 1015 644 1100 mnia
689 1015 862 1097 haec
897 1011 1175 1098 fabulis
1207 1011 1712 1096 adnumerat.
1830 1022 1950 1101 Ex
1996 1013 2307 1110 multiS,
2362 1037 2547 1124 quae
2576 1011 3157 1112 adducit,Te-

281 1177 295 1182 -
409 1125 826 1212 stimoniis
881 1143 1130 1230 pa‘uca
1181 1123 1608 1208 adducam·
1739 1121 2097 1208 Currum
2138 1125 2457 1208 Cereris
2499 1123 2721 1210 alatis
2752 1123 3158 1212 Draconi-

409 1237 576 1322 bus
625 1237 810 1321 vehi
861 1231 1231 1344 Orpheus
1263 1235 1558 1318 cecinit
1591 1234 1674 1316 in
1710 1235 2045 1346 Hymno
2085 1233 2449 1318 Cereris:

662 1353 874 1457 Α”ςμα
933 1341 1426 1456 Δςὶικοντεῖοσιν
1486 1342 1942 1458 ὀπυζεόξοισα.
1995 1347 2307 1446 χαλινοῖς

661 1458 962 1541 Currui
999 1455 1504 1562 (volucrium
1542 1453 2025 1542 Draconum
2060 1462 2092 1564 )
2112 1457 2365 1564 frena
2402 1454 2910 1574 ficbjungens.

415 1569 683 1658 Ovid.
741 1571 922 1655 Lib.
962 1569 1107 1653 1V.
1165 1567 1468 1679 Fastor.
2860 1567 2865 1572 ’

1105 1715 1121 1730 ·
2343 1679 2577 1790 inque
2625 1679 3057 1763 Dracones

659 1788 974 1897 Transit
995 1848 1018 1885 ‚
1075 1788 1164 1876 (5
1201 1789 1492 1896 alifero
1537 1788 1864 1886 tollitur
1897 1814 2056 1870 axe
2088 1787 2385 1870 Ceres..
3056 1791 3068 1800 ’

419 1901 940 1998 Claudianus,
1003 1899 1191 1984 Lib.
1249 1904 1310 1984 1.
1370 1899 1476 1985 de
1511 1924 1744 2013 raptu
1784 1898 2325 2010 Proserpinae:
2470 1917 2480 1927 ·

2338 2009 2655 2118 stnuola
2695 2009 3173 2098 Draconum

673 2117 1053 2204 Membra
1084 2149 1362 2233 regens
1380 2181 1404 2220 ,
1460 2123 1783 2203 volucri
1837 2125 1980 2234 qui
1998 2122 2309 2232 pervia
2349 2123 2623 2205 nubila
2656 2121 2935 2206 trac-iu

623 2231 998 2345 .Signant
1033 2285 1058 2326 ‚
1136 2233 1222 2320 ἔθ’
1269 2233 1623 2342 placidis
1676 2229 2129 2315 humeC'z‘ant
2146 2235 2425 2344 froena
2480 2237 2835 2316 venenis.

547 2356 908 2428 Cererem
963 2346 1182 2429 alatis
1245 2343 1752 2430 Draconibus
1823 2340 2134 2430 vestam
2192 2369 2336 2454 per
2400 2368 2655 2431 totam
2710 2342 3161 2433 Terrarum

415 2457 762 2551 orbem,
818 2481 1098 2540 omnes
1129 2455 1442 2566 fingunt
1491 2457 2005 2569 Mythologi,
2062 2479 2155 2540 ut
2195 2455 2577 2542 frumenti
2622 2454 2849 2542 usum
2900 2457 3163 2541 homi·

417 2595 576 2657 nes
618 2567 975 2653 doceret·
1035 2566 1196 2667 vid,
1259 2567 1550 2683 Hygin.
1614 2565 1886 2653 Fabul.
1955 2595 2135 2675 147.
2200 2565 2281 2651 &
2316 2567 2494 2682 Lib.
2554 2565 2733 2653 Vss.
2784 2563 3169 2651 Astrono·

415 2683 734 2776 mima,
792 2679 874 2763 in
925 2678 1391 2787 Ophiucho.
1509 2678 1828 2763 Eodem
1873 2704 2117 2764 curru
2157 2677 2465 2761 Circen
2516 2676 3011 2791 quandoque
3030 2702 3173 2759 ve-

418 2796 535 2883 hi
570 2790 1017 2877 fabulantur
1053 2810 1414 2880 veteres,
1469 2807 1558 2872 ut
1600 2789 1982 2869 Valerius
2032 2786 2373 2871 Flaccus
2413 2787 2587 2873 Lib.
2649 2784 2819 2871 Vn.
2871 2828 2879 2833 -

777 2918 866 2981 ut
902 2901 1198 3013 aligeri
1231 2900 1508 2980 Circen
1541 2916 1880 3009 rapuere
1911 2899 2371 2982 Dracones.

429 3142 534 3208 10

343 3506 350 3513 ·
427 3454 774 3562 dorensis
807 3456 998 3539 falso
1032 3456 1299 3543 scribit
1337 3456 1878 3565 Kircherus,)
1933 3458 2035 3557 ad
2076 3458 2333 3567 ipsum
2372 3460 2620 3561 datis,
2676 3482 2860 3565 quae
2906 3457 3015 3536 ita
3055 3452 3180 3547 sof.

428 3588 666 3655 nant:
727 3566 960 3647 Dum
1024 3568 1128 3649 A.
1194 3581 1433 3673 1649.
1488 3573 1716 3652 notia
1755 3570 1945 3650 Coeli
1985 3572 2509 3672 serenitatem
2554 3564 3131 3673 contemplarer
3153 3616 3179 3665 -‚
3202 3578 3307 3658 rig.
3334 3596 3387 3655 ⁴·

429 3704 612 3761 ecce
643 3675 1220 3787 praef'ulgidum
1251 3678 1712 3762 Draconem
1763 3703 1870 3762 ex
1916 3674 2271 3786 immensi
2288 3677 2597 3786 stopuli
2649 3694 2884 3759 antro
2940 3674 3179 3764 Mon-.-

427 3792 552 3873 tis
572 3846 595 3883 ‚
655 3814 885 3900 quem
921 3787 1200 3870 Pilati
1244 3788 1482 3901 vulgo
1515 3804 1806 3874 vocant
1826 3845 1848 3878 ‚
1907 3791 2068 3873 alis
2104 3790 2517 3873 celerrimo
2552 3787 2765 3871 modo
2796 3790 3179 3905 agitatis,

437 3900 958 3993 transvolare
993 3900 1193 3980 vidi.
1255 3898 1558 3983 Forma*
1591 3920 1772 3985 erat
1800 3901 2316 4017 praegrandi,
2375 3900 2639 3985 cauda*
2673 3900 2912 4014 longa¹
2924 3955 2945 3993 ‚
2990 3904 3183 3987 collo

405 4016 790 4127 protenso
809 4070 834 4108 ‚
888 4026 1130 4117 caput
1165 4010 1248 4094 in
1281 4015 1668 4119 serpentis
1691 4020 2107 4122 serratum
2153 4014 2460 4098 hiatum
2502 4014 2934 4125 destnebat:
2998 4016 3183 4097 du'm

427 4126 799 4218 volaret,
851 4122 952 4204 de
963 4124 1065 4227 se
1075 4123 1496 4227 stintillas
1533 4182 1556 4221 ‚
1613 4150 1758 4207 non
1791 4135 2013 4225 secus
2052 4152 2147 4208 ac
2170 4189 2189 4219 ,
2224 4125 2525 4239 quando
2566 4126 2905 4209 candens
2942 4126 3027 4205 in
3060 4126 3183 4205 in-

421 4236 628 4327 cude
671 4232 925 4316 Fabri
957 4236 1270 4332 ferrum
1303 4233 1651 4314 tundunt
1676 4292 1701 4331 ,
1740 4234 2215 4345 spargebatt
2273 4236 2669 4340 censebam
2686 4236 2958 4343 primo
2997 4234 3183 4317 Me-

424 4372 734 4433 teorum
753 4346 1130 4455 quoddam
1164 4373 1286 4427 me
1317 4342 1644 4442 videre,
1657 4343 2231 4455 fi’dpostquam
2272 4345 3035 4459 diligenter-[megala
3052 4348 3181 4435 ab·

356 4468 364 4475 '
399 4458 812 4572 servavi,
832 4483 1112 4538 verum
1131 4458 1596 4539 Draconem
1595 4458 1842 4565 fhiſje
1862 4516 1882 4553 ‚
1907 4484 2015 4539 ex
2049 4458 2209 4565 ipso
2244 4459 2795 4555 motu‚memb7
2809 4486 3178 4576 oramque

410 4567 1318 4675 omniumconstitutione
1357 4572 1701 4685 cognovi.
1724 4597 1798 4659 v.
1841 4570 2258 4764 Wagneg.
2308 4566 2419 4653 H.
2456 4570 2558 4661 N.
2601 4570 2852 4689 Helv.
2882 4600 2958 4687 p.
2988 4606 3174 4761 2321..

1103 4698 1118 4711 '
2256 4708 2301 4765 c
2326 4706 2372 4765 c
2433 4710 2481 4764 2
3148 4722 3179 4739 -

551 3007 1024 3124 Suppeditat
1096 3036 1364 3097 tamen
1413 3009 1856 3099 Historiam
1906 3038 2073 3097 non
2130 3036 2369 3097 unam
2410 3008 2890 3097 Lucerinus
2960 3006 3177 3097 Can·-
3276 3126 3281 3133 ς

539 3186 896 3319 ’Primam
960 3226 1324 3321 recenset
1366 3229 1766 3345 Athanas?
1797 3234 2293 3335 Kircherus,
2353 3232 2635 3337 Mund.
2698 3232 2921 3339 Subc.
2986 3206 3168 3320 1.·c.
3246 3210 3259 3229 ⁸

435 3372 546 3430 ex
581 3342 876 3430 Literis
896 3344 1458 3457 Christophori
1501 3348 1880 3432 schot-eri
1915 3344 2273 3460 praefecii
2298 3348 2872 3435 Lucernenfis‚
2911 3344 3176 3451 (Solo-
3321 3435 3329 3443 ,
