3992 5213
796 441 955 527 374-
1188 406 3226 503 ITER·ALP1NUM

774 538 1093 625 asturus
1138 538 1357 636 -sum,
1388 538 1538 623 hac
1572 540 1750 622 vice
1775 565 1877 623 ea
1920 536 2309 624 duntaxat
2349 564 2453 622 ex
2511 537 2880 647 praesenti
2923 539 3380 649 Draconitae
3421 538 3556 623 δι’.

780 650 1181 735 Draconis
1226 650 1861 757 praetervol'antis
1897 649 2248 735 Historia
2283 652 2696 747 allaturus»,
2751 673 2937 759 quae
2973 648 3166 734 fidei
3221 648 3508 733 Histo-

782 763 979 846 ricae
1037 760 1355 871 pondus
1406 759 1709 844 addere
1746 780 2080 872 queunt.
2195 760 2686 843 Producitur
2729 763 2860 843 hic
2899 758 3144 869 Lapis
3193 786 3359 844 non
3398 782 3520 846 ex

780 870 1077 956 familia
1127 872 1352 980 verpi
1410 871 1743 978 alicujus
1796 870 2220 979 Lucripeti
2269 872 2396 954 vel
2441 868 3508 970 Mercatorisfraudulenti,

783 985 914 1068 vel
981 978 1371 1067 Hominis
1444 980 1715 1091 adepti
1788 982 1869 1065 in
1942 985 2298 1065 Naturae
2369 983 2738 1093 Artisque
2817 979 3155 1065 Arcanis
3217 982 3512 1091 periti,

780 1094 925 1203 qui
990 1094 1202 1174 forte
1244 1090 1566 1200 jaspino
1632 1090 1817 1172 huic
1857 1088 2139 1173 Globo
2192 1093 2576 1186 maculaS,
2631 1094 2784 1185 ita,
2837 1110 2926 1175 ut
2961 1092 3188 1200 supra
3223 1092 3508 1201 depin-

782 1205 1090 1297 ximus,
1148 1198 1517 1308 figuratas
1553 1194 2058 1309 imprimere,
2115 1202 2244 1283 vel
2276 1228 2405 1283 eas
2442 1203 2550 1283 illi
2593 1200 3042 1288 obducere,
3077 1200 3508 1312 &palpum

782 1310 1011 1397 simul
1062 1312 1227 1397 aliis
1284 1310 1727 1395 ob'trudere
1792 1310 2199 1420 potueritz
2259 1310 2394 1394 sed
2446 1310 2722 1418 prodit
2776 1338 2898 1413 ex*
2933 1312 3294 1396 manibus
3329 1311 3510 1397 sim·

783 1423 1056 1534 plicis,
1127 1448 1317 1506 cum
1378 1420 1865 1530 Paupertate
1930 1416 2357 1527 luftantis,
2443 1416 2794 1516 Rustici,
2887 1422 3111 1529 cujus
3158 1424 3503 1531 ingenua

780 1530 1195 1619 curiositas
1234 1558 1397 1615 non
1428 1532 1759 1615 ulterius
1794 1530 2301 1628 extenditur,
2337 1556 2578 1642 quam
2615 1532 2714 1613 ad
2751 1530 3322 1617 sublevandum
3361 1538 3510 1617 La·
3573 1572 3581 1581 ·

784 1644 1064 1756 pidem
1100 1646 1149 1725 ὲ
1208 1640 1589 1727 Dracone
1642 1640 2094 1752 delapsum,
2147 1638 2502 1769 sanguini
2553 1662 2945 1724 concreto
2987 1643 3446 1725 immersum
3477 1702 3502 1739 ,

786 1778 1145 1865 eumque
1192 1750 1767 1837 asservandum.
1906 1750 2148 1835 Unde
2182 1778 2446 1844 emm,
2501 1752 2815 1861 quaeso,
2871 1752 3166 1836 habere
3201 1754 3508 1860 potuis-

784 1862 903 1951 set
963 1862 1353 1973 Lapidem
1387 1921 1412 1960 ,
1500 1866 1635 1971 qui
1708 1862 2034 1947 similem
2113 1860 2246 1943 fibi
2315 1861 2396 1943 in
2468 1858 2796 1974 Europa
2864 1862 3141 1951 nullibi
3214 1862 3498 1946 habet?

790 1972 998 2085 Quis
1036 1974 1175 2080 ipsi
1220 1994 1529 2053 tan-tum
1558 1972 2000 2053 Cimelium
2115 1971 2344 2055 ratis,
2401 1974 2526 2054 vel
2565 1996 2718 2079 pro
2765 1974 2957 2072 vili,
3073 1972 3230 2057 uod
3291 1998 3505 2082 aegre

786 2080 1172 2176 solvisset,
1228 2082 1533 2189 pretio,
1592 2077 1981 2163 dedisset?
2127 2083 2242 2163 uis
2281 2106 2467 2165 eum
2505 2080 2588 2163 in
2635 2082 3014 2167 recensen
3078 2111 3121 2166 a
3158 2082 3508 2167 Historia

784 2190 1001 2274 circa
1042 2189 1503 2274 Draconem
1534 2249 1558 2287 ,
1614 2188 1786 2299 ipso
1820 2190 2249 2299 praesente,
2307 2190 2632 2274 oculato
2667 2188 2916 2275 Teste
2953 2190 3290 2301 peraftae
3312 2248 3333 2283 ‚
3369 2221 3508 2277 na·-

792 2301 1028 2385 tur‘ali
1092 2328 1189 2385 ac
1246 2300 1577 2410 simplici
1636 2300 1926 2399 ordine
1962 2298 2502 2385 informasset?
2563 2303 2866 2385 Annon
2903 2304 3222 2411 potius;
3267 2302 3324 2387 si
3357 2304 3509 2389 im·
3569 2398 3574 2404 ,

786 2436 1095 2521 ponere
1130 2410 1455 2523 publico
1486 2406 1743 2495 fuisset
1782 2412 2090 2495 animus
2115 2410 2634 2521 ‚persuadere
2671 2412 3046 2524 potuisset
3083 2412 3164 2496 δι’
3188 2412 3508 2498 debuis-

785 2522 903 2606 set
956 2524 1168 2622 aliis,
1224 2544 1313 2608 ut
1347 2523 1613 2608 sumus
1680 2548 1964 2608 omnes
2014 2548 2284 2609 rerum
2329 2525 2934 2633 peregrinarum
2999 2524 3256 2620 avidi,
3327 2525 3512 2608 alla-

788 2649 965 2718 tum
1006 2633 1217 2720 hune
1254 2635 1691 2744 pretiosum
1734 2633 2114 2744 Lapidem
2163 2631 2320 2718 esse
2349 2660 2452 2718 ex
2511 2633 2810 2718 ultimis
2842 2634 3088 2720 Indiae
3125 2633 3505 2719 desertis?

782 2741 1148 2844 Mirum,
1206 2743 1259 2828 s1
1316 2744 1871 2854 praemeditata
1925 2743 2170 2831 fuerit
2205 2741 2416 2828 fraus
2453 2771 2558 2830 ex
2591 2767 2820 2854 parte
2855 2744 3205 2842 Rustici,
3277 2745 3505 2856 quod

785 2849 1177 2961 Lapidem
1252 2854 1769 2962 deposuerit,
1859 2855 2488 2968 vendideritque
2559 2882 2718 2966 pro
2782 2857 3052 2965 paucis
3113 2855 3440 2940 florenis
3477 2911 3506 2957 ,

784 2975 953 3048 no'n
996 2988 1198 3046 vero
1236 2987 1387 3071 pro
1425 2965 1631 3074 larga
1674 2965 2038 3070 pecuniae
2079 2967 2380 3046 summa
2409 3022 2433 3060 ,
2489 2991 2594 3048 ex
2630 2967 2790 3048 hoc
2853 2967 3256 3074 praecipue
3299 2990 3503 3073 prae-

780 3073 1201 3158 sumtionis
1234 3071 1765 3158 fundamento
1794 3132 1819 3169 ,
1872 3073 2094 3186 quod
2135 3075 2416 3156 oculos
2449 3079 2972 3187 mentemque
3007 3079 3504 3159 converterit

782 3181 999 3268 haud
1036 3182 1283 3268 dubie
1318 3185 1569 3294 magis
1615 3182 1720 3267 ad
1756 3184 2266 3292 operationes
2319 3183 2836 3293 praenobileS,
2889 3183 2987 3266 ab
3033 3184 3190 3267 hoc
3223 3183 3506 3269 Cime-

606 3327 665 3352 ‚.
784 3295 899 3378 lio
936 3295 1019 3379 in
1054 3295 1455 3380 Homines
1496 3293 1581 3380 δε
1609 3298 1853 3378 Bruta
1886 3292 2429 3378 redundantes
2463 3296 2776 3381 lucrum
2816 3295 3096 3402 ingens
3130 3295 3268 3404 ipfi
3309 3293 3505 3381 Pos-

791 3403 1063 3488 seffori
1116 3407 1729 3516 apportatu'ras,
1804 3402 2048 3514 quam
2097 3406 2202 3488 ad
2258 3403 2797 3490 curiositatem
2837 3463 2864 3503 ,
2933 3405 3505 3517 raritatemque

780 3515 1028 3600 solam
1052 3573 1073 3610 ,
1098 3541 1339 3626 quam
1376 3515 1711 3626 quidem
1750 3537 2234 3600 venerantur
2267 3515 2687 3625 Magnates
2721 3516 3007 3626 opibus
3041 3515 3506 3625 praecellen-

780 3643 943 3722 τες,
1001 3627 1081 3710 in
1130 3627 1280 3710 suis
1316 3625 1827 3713 Pinacotheis
1874 3626 2170 3710 rariora
2211 3627 2432 3710 Artis
2474 3624 2554 3708 δι
2597 3625 2924 3711 Naturae
2974 3621 3362 3735 producta
3409 3649 3506 3708 o-

782 3729 1251 3822 stentantes,
1280 3751 1473 3826 ‘non
1508 3736 1707 3821 vero
1747 3763 1853 3820 ex
1892 3737 2050 3820 ima
2089 3735 2542 3821 Rusticanae
2583 3735 2847 3821 Plebis
2879 3737 3084 3822 faece
3113 3736 3502 3822 homines,

786 3845 1095 3929 Silentii
1143 3846 1424 3957 sipario
1462 3848 1793 3932 involvo
1823 3848 2234 3956 praeclaras
2273 3847 2741 3932 Draconitae
2777 3850 3114 3932 virtutes
3152 3849 3194 3929 a
3229 3843 3502 3929 Medi-

780 3955 896 4038 cis
938 3955 959 4040 i
1026 3953 1114 4040 sis
1154 3956 1235 4040 δι
1276 3957 1695 4068 Chirurgis
1734 3979 2187 4054 annotatas,
2241 3956 2330 4040 δε
2366 3961 2411 4040 a
2469 3954 2942 4068 Magistratu
2980 3956 3146 4066 ipso
3185 3953 3502 4039 Lucer-

780 3981 1585 4162 nend'confirmatas,
1640 4069 1874 4177 supra.
1924 4071 2216 4153 ordine
2261 4065 2733 4164 recensitas,
2791 4069 2837 4179 ζ
2855 4067 3139 4181 quibus
3171 4062 3365 4148 inde
3399 4063 3500 4154 ab

642 4189 658 4208 ·
786 4177 1145 4262 A.1661.
1242 4205 1348 4262 uo
1402 4178 1675 4283 &fati
1708 4177 1947 4262 Liber
2007 4179 2090 4264 in
2147 4177 2958 4290 publicumprodirt,
3013 4173 3274 4282 plures
3327 4177 3502 4258 aliae

778 4283 1099 4393 insuper
1132 4205 1323 4375 addi
1358 4288 1714 4401 possent)
1762 4285 2047 4374 frustra
2081 4291 2126 4374 a
2181 4294 2588 4380 Marmore
2646 4291 2728 4374 δε
2757 4282 3246 4408 ΙεΓΡίἀθρίίῑ
3288 4281 3505 4370 forte

779 4395 869 4486 in
920 4397 1083 4484 sola
1132 4391 1718 4514 haemorrhagia
1770 4399 2328 4514 expectandas.
2406 4395 3110 4506 circumspicienti
3165 4393 3359 4495 mihj
3417 4396 3503 4480 in
