<?xml version="1.0" encoding="UTF-8"?>
<!DOCTYPE html PUBLIC "-//W3C//DTD XHTML 1.0 Transitional//EN"
    "http://www.w3.org/TR/xhtml1/DTD/xhtml1-transitional.dtd">
<html xmlns="http://www.w3.org/1999/xhtml" xml:lang="en" lang="en">
 <head>
  <title>
</title>
<meta http-equiv="Content-Type" content="text/html;charset=utf-8" />
  <meta name='ocr-system' content='tesseract 3.04.00' />
  <meta name='ocr-capabilities' content='ocr_page ocr_carea ocr_par ocr_line ocrx_word'/>
</head>
<body>
  <div class='ocr_page' id='page_1' title='image "./helveticussivei00schegoog_0370.png"; bbox 0 0 3992 5213; ppageno 0'>
   <div class='ocr_carea' id='block_1_1' title="bbox 731 370 3690 1169">
    <p class='ocr_par' dir='ltr' id='par_1_1' title="bbox 851 370 3249 503">
     <span class='ocr_line' id='line_1_1' title="bbox 851 370 3249 503; baseline 0 -34"><span class='ocrx_word' id='word_1_1' title='bbox 851 370 3249 503; x_wconf 15' lang='lat' dir='ltr'>3961TERA5LP1NUM</span> 
     </span>
    </p>

    <p class='ocr_par' dir='ltr' id='par_1_2' title="bbox 849 499 3557 738">
     <span class='ocr_line' id='line_1_2' title="bbox 849 499 3557 629; baseline 0 -31"><span class='ocrx_word' id='word_1_2' title='bbox 849 544 863 555; x_wconf 89' lang='lat'><strong>·</strong></span> <span class='ocrx_word' id='word_1_3' title='bbox 985 544 1057 615; x_wconf 83' lang='lat'>3·</span> <span class='ocrx_word' id='word_1_4' title='bbox 1111 510 1292 597; x_wconf 83' lang='lat' dir='ltr'>Effe</span> <span class='ocrx_word' id='word_1_5' title='bbox 1339 511 1370 594; x_wconf 91' lang='lat' dir='ltr'>i</span> <span class='ocrx_word' id='word_1_6' title='bbox 1413 518 1610 593; x_wconf 66' lang='lat' dir='ltr'>fnem&#39;</span> <span class='ocrx_word' id='word_1_7' title='bbox 1637 502 2138 598; x_wconf 84' lang='lat' dir='ltr'>Fulmineum</span> <span class='ocrx_word' id='word_1_8' title='bbox 2190 499 2725 617; x_wconf 79' lang='lat' dir='ltr'>peruiciffimae</span> <span class='ocrx_word' id='word_1_9' title='bbox 2772 503 3214 598; x_wconf 79' lang='lat' dir='ltr'>velocitatis</span> <span class='ocrx_word' id='word_1_10' title='bbox 3243 566 3271 611; x_wconf 86' lang='lat'>,</span> <span class='ocrx_word' id='word_1_11' title='bbox 3328 516 3557 629; x_wconf 74' lang='lat' dir='ltr'>cujus</span> 
     </span>
     <span class='ocr_line' id='line_1_3' title="bbox 865 610 2726 738; baseline -0.008 -28"><span class='ocrx_word' id='word_1_12' title='bbox 865 628 1034 738; x_wconf 64' lang='lat' dir='ltr'>fope</span> <span class='ocrx_word' id='word_1_13' title='bbox 1068 623 1302 709; x_wconf 90' lang='lat' dir='ltr'>etiam</span> <span class='ocrx_word' id='word_1_14' title='bbox 1369 613 1818 703; x_wconf 82' lang='lat' dir='ltr'>olidissimas</span> <span class='ocrx_word' id='word_1_15' title='bbox 1849 612 2156 726; x_wconf 86' lang='lat' dir='ltr'>superet</span> <span class='ocrx_word' id='word_1_16' title='bbox 2190 610 2671 699; x_wconf 81' lang='lat' dir='ltr'>refistentias.</span> <span class='ocrx_word' id='word_1_17' title='bbox 2720 625 2726 633; x_wconf 83' lang='lat'>&#39;</span> 
     </span>
    </p>

    <p class='ocr_par' dir='ltr' id='par_1_3' title="bbox 731 720 3690 841">
     <span class='ocr_line' id='line_1_4' title="bbox 731 720 3690 841; baseline -0.003 -26"><span class='ocrx_word' id='word_1_18' title='bbox 731 756 736 761; x_wconf 88' lang='lat'>·</span> <span class='ocrx_word' id='word_1_19' title='bbox 856 763 904 790; x_wconf 91' lang='lat'>·-</span> <span class='ocrx_word' id='word_1_20' title='bbox 984 766 1066 841; x_wconf 85' lang='lat'>4.</span> <span class='ocrx_word' id='word_1_21' title='bbox 1129 732 1411 817; x_wconf 88' lang='lat' dir='ltr'>Unum</span> <span class='ocrx_word' id='word_1_22' title='bbox 1427 725 1944 838; x_wconf 56' lang='lat' dir='ltr'>eundemque¹</span> <span class='ocrx_word' id='word_1_23' title='bbox 2008 722 2379 809; x_wconf 84' lang='lat' dir='ltr'>lomerem</span> <span class='ocrx_word' id='word_1_24' title='bbox 2400 720 2903 825; x_wconf 72' lang='lat' dir='ltr'>flumineum,</span> <span class='ocrx_word' id='word_1_25' title='bbox 2958 726 3101 813; x_wconf 86' lang='lat' dir='ltr'>dis</span> <span class='ocrx_word' id='word_1_26' title='bbox 3107 742 3121 747; x_wconf 87' lang='grc'><em>“</em></span> <span class='ocrx_word' id='word_1_27' title='bbox 3281 729 3563 822; x_wconf 54' lang='lat' dir='ltr'>‘imm</span> <span class='ocrx_word' id='word_1_28' title='bbox 3682 797 3690 805; x_wconf 92' lang='lat'>.</span> 
     </span>
    </p>

    <p class='ocr_par' dir='ltr' id='par_1_4' title="bbox 867 752 3449 959">
     <span class='ocr_line' id='line_1_5' title="bbox 867 752 3449 959; baseline -0.001 -28"><span class='ocrx_word' id='word_1_29' title='bbox 867 846 1034 931; x_wconf 87' lang='lat' dir='ltr'>rios</span> <span class='ocrx_word' id='word_1_30' title='bbox 1065 868 1371 939; x_wconf 87' lang='lat' dir='ltr'>ramos,</span> <span class='ocrx_word' id='word_1_31' title='bbox 1423 838 1568 953; x_wconf 82' lang='lat' dir='ltr'>qui</span> <span class='ocrx_word' id='word_1_32' title='bbox 1591 835 1884 922; x_wconf 86' lang='lat' dir='ltr'>dehinc</span> <span class='ocrx_word' id='word_1_33' title='bbox 1917 752 2571 959; x_wconf 51' lang='lat' dir='ltr'>feorfimzfinguli</span> <span class='ocrx_word' id='word_1_34' title='bbox 2602 828 3145 923; x_wconf 68' lang='lat' dir='ltr'>suos-effectus</span> <span class='ocrx_word' id='word_1_35' title='bbox 3174 870 3221 925; x_wconf 89' lang='lat' dir='ltr'>e</span> <span class='ocrx_word' id='word_1_36' title='bbox 3282 866 3449 929; x_wconf 87' lang='lat' dir='ltr'>unt.</span> 
     </span>
    </p>

    <p class='ocr_par' dir='ltr' id='par_1_5' title="bbox 861 940 3568 1061">
     <span class='ocr_line' id='line_1_6' title="bbox 861 940 3568 1061; baseline -0 -22"><span class='ocrx_word' id='word_1_37' title='bbox 861 964 876 1009; x_wconf 85' lang='lat'>&#39;-</span> <span class='ocrx_word' id='word_1_38' title='bbox 987 982 1062 1058; x_wconf 86' lang='lat'>5.</span> <span class='ocrx_word' id='word_1_39' title='bbox 1115 950 1296 1037; x_wconf 87' lang='lat' dir='ltr'>Uni</span> <span class='ocrx_word' id='word_1_40' title='bbox 1325 949 1582 1035; x_wconf 88' lang='lat' dir='ltr'>eidem</span> <span class='ocrx_word' id='word_1_41' title='bbox 1643 972 1742 1030; x_wconf 87' lang='lat' dir='ltr'>ue</span> <span class='ocrx_word' id='word_1_42' title='bbox 1855 970 2109 1029; x_wconf 80' lang='lat' dir='ltr'>omen</span> <span class='ocrx_word' id='word_1_43' title='bbox 2158 940 2541 1027; x_wconf 67' lang='lat' dir='ltr'>fiilmineo</span> <span class='ocrx_word' id='word_1_44' title='bbox 2573 942 2811 1028; x_wconf 71' lang='lat' dir='ltr'>inessc</span> <span class='ocrx_word' id='word_1_45' title='bbox 2843 944 3059 1032; x_wconf 72' lang='lat' dir='ltr'>forte</span> <span class='ocrx_word' id='word_1_46' title='bbox 3118 952 3381 1061; x_wconf 85' lang='lat' dir='ltr'>plures</span> <span class='ocrx_word' id='word_1_47' title='bbox 3416 956 3568 1038; x_wconf 85' lang='lat' dir='ltr'>mi·</span> 
     </span>
    </p>

    <p class='ocr_par' dir='ltr' id='par_1_6' title="bbox 777 976 3556 1169">
     <span class='ocr_line' id='line_1_7' title="bbox 777 976 3556 1169; baseline -0.001 -22"><span class='ocrx_word' id='word_1_48' title='bbox 777 1076 790 1089; x_wconf 79' lang='grc'><strong><em>’</em></strong></span> <span class='ocrx_word' id='word_1_49' title='bbox 869 1088 1177 1163; x_wconf 69' lang='lat' dir='ltr'>nores5</span> <span class='ocrx_word' id='word_1_50' title='bbox 1217 1084 1494 1144; x_wconf 87' lang='lat' dir='ltr'>eorum</span> <span class='ocrx_word' id='word_1_51' title='bbox 1525 976 1640 1139; x_wconf 55' lang='lat' dir='ltr'>arci¹</span> <span class='ocrx_word' id='word_1_52' title='bbox 1663 1056 1746 1139; x_wconf 92' lang='lat' dir='ltr'>in</span> <span class='ocrx_word' id='word_1_53' title='bbox 1817 1080 1899 1137; x_wconf 84' lang='lat' dir='ltr'>ar</span> <span class='ocrx_word' id='word_1_54' title='bbox 1949 1052 2416 1164; x_wconf 77' lang='lat' dir='ltr'>globorum,</span> <span class='ocrx_word' id='word_1_55' title='bbox 2472 1048 2855 1136; x_wconf 76' lang='lat' dir='ltr'>miffilium</span> <span class='ocrx_word' id='word_1_56' title='bbox 2891 1056 3361 1169; x_wconf 85' lang='lat' dir='ltr'>ignitorum,</span> <span class='ocrx_word' id='word_1_57' title='bbox 3474 1066 3556 1147; x_wconf 83' lang='lat' dir='ltr'>ui</span> 
     </span>
    </p>
   </div>
   <div class='ocr_carea' id='block_1_2' title="bbox 623 1158 3555 1355">
    <p class='ocr_par' dir='ltr' id='par_1_7' title="bbox 623 1158 3555 1355">
     <span class='ocr_line' id='line_1_8' title="bbox 623 1158 3555 1355; baseline 0.001 -101"><span class='ocrx_word' id='word_1_58' title='bbox 623 1230 642 1254; x_wconf 83' lang='lat'><em>.</em></span> <span class='ocrx_word' id='word_1_59' title='bbox 699 1216 706 1221; x_wconf 92' lang='lat'><em>·</em></span> <span class='ocrx_word' id='word_1_60' title='bbox 859 1177 1087 1257; x_wconf 75' lang='lat' dir='ltr'>intra</span> <span class='ocrx_word' id='word_1_61' title='bbox 1141 1168 1218 1254; x_wconf 88' lang='lat' dir='ltr'>se</span> <span class='ocrx_word' id='word_1_62' title='bbox 1275 1171 1534 1280; x_wconf 87' lang='lat' dir='ltr'>plures</span> <span class='ocrx_word' id='word_1_63' title='bbox 1587 1162 2032 1249; x_wconf 87' lang='lat' dir='ltr'>recondunt</span> <span class='ocrx_word' id='word_1_64' title='bbox 2054 1162 2331 1355; x_wconf 58' lang='lat' dir='ltr'>laetus</span> <span class='ocrx_word' id='word_1_65' title='bbox 2382 1158 2735 1273; x_wconf 82' lang='lat' dir='ltr'>specialis</span> <span class='ocrx_word' id='word_1_66' title='bbox 2767 1216 2794 1259; x_wconf 83' lang='lat'><strong>‚</strong></span> <span class='ocrx_word' id='word_1_67' title='bbox 2854 1163 3314 1277; x_wconf 82' lang='lat' dir='ltr'>Carcaffen‚</span> <span class='ocrx_word' id='word_1_68' title='bbox 3362 1194 3405 1255; x_wconf 89' lang='lat' dir='ltr'><em>o</em></span> <span class='ocrx_word' id='word_1_69' title='bbox 3494 1200 3555 1255; x_wconf 75' lang='lat' dir='ltr'><em>r</em></span> 
     </span>
    </p>
   </div>
   <div class='ocr_carea' id='block_1_3' title="bbox 775 1265 3553 1611">
    <p class='ocr_par' dir='ltr' id='par_1_8' title="bbox 775 1265 3553 1611">
     <span class='ocr_line' id='line_1_9' title="bbox 775 1265 2904 1394; baseline -0.005 -27"><span class='ocrx_word' id='word_1_70' title='bbox 775 1358 786 1367; x_wconf 88' lang='lat'><strong>.</strong></span> <span class='ocrx_word' id='word_1_71' title='bbox 877 1280 1080 1392; x_wconf 82' lang='lat' dir='ltr'>Lust</span> <span class='ocrx_word' id='word_1_72' title='bbox 1092 1280 1188 1363; x_wconf 90' lang='lat' dir='ltr'><em>K</em></span> <span class='ocrx_word' id='word_1_73' title='bbox 1179 1280 1446 1394; x_wconf 75' lang='lat' dir='ltr'>aglen,</span> <span class='ocrx_word' id='word_1_74' title='bbox 1481 1271 1782 1359; x_wconf 82' lang='lat' dir='ltr'><em>welche</em></span> <span class='ocrx_word' id='word_1_75' title='bbox 1814 1272 1954 1356; x_wconf 84' lang='lat' dir='ltr'>vil</span> <span class='ocrx_word' id='word_1_76' title='bbox 1953 1273 2058 1377; x_wconf 82' lang='lat' dir='ltr'>st·</span> <span class='ocrx_word' id='word_1_77' title='bbox 2108 1269 2292 1385; x_wconf 66' lang='lat' dir='ltr'>ld‘ge</span> <span class='ocrx_word' id='word_1_78' title='bbox 2320 1270 2407 1355; x_wconf 80' lang='lat' dir='ltr'>in</span> <span class='ocrx_word' id='word_1_79' title='bbox 2422 1265 2597 1378; x_wconf 73' lang='lat' dir='ltr'>sich</span> <span class='ocrx_word' id='word_1_80' title='bbox 2628 1268 2904 1356; x_wconf 77' lang='lat' dir='ltr'>haben.</span> 
     </span>
     <span class='ocr_line' id='line_1_10' title="bbox 983 1378 3553 1493; baseline -0.003 -19"><span class='ocrx_word' id='word_1_81' title='bbox 983 1387 1465 1474; x_wconf 80' lang='lat' dir='ltr'>Illustrandis</span> <span class='ocrx_word' id='word_1_82' title='bbox 1507 1378 1854 1469; x_wconf 79' lang='lat' dir='ltr'>fulminis</span> <span class='ocrx_word' id='word_1_83' title='bbox 1899 1378 2309 1466; x_wconf 63' lang='lat' dir='ltr'>effectibus</span> <span class='ocrx_word' id='word_1_84' title='bbox 2336 1379 2698 1467; x_wconf 81' lang='lat' dir='ltr'>conferre</span> <span class='ocrx_word' id='word_1_85' title='bbox 2726 1380 3047 1486; x_wconf 80' lang='lat' dir='ltr'>fotfitan</span> <span class='ocrx_word' id='word_1_86' title='bbox 3086 1391 3381 1493; x_wconf 87' lang='lat' dir='ltr'>poterit</span> <span class='ocrx_word' id='word_1_87' title='bbox 3408 1418 3553 1477; x_wconf 81' lang='lat' dir='ltr'>ex.</span> 
     </span>
     <span class='ocr_line' id='line_1_11' title="bbox 876 1488 3552 1611; baseline -0.003 -27"><span class='ocrx_word' id='word_1_88' title='bbox 876 1500 1258 1611; x_wconf 81' lang='lat' dir='ltr'>perientia</span> <span class='ocrx_word' id='word_1_89' title='bbox 1295 1494 1656 1592; x_wconf 82' lang='lat' dir='ltr'>casualis,</span> <span class='ocrx_word' id='word_1_90' title='bbox 1765 1518 1882 1577; x_wconf 82' lang='lat' dir='ltr'>uae</span> <span class='ocrx_word' id='word_1_91' title='bbox 1914 1490 2316 1603; x_wconf 79' lang='lat' dir='ltr'>Chymico</span> <span class='ocrx_word' id='word_1_92' title='bbox 2356 1488 2725 1575; x_wconf 84' lang='lat' dir='ltr'>Bernenfi</span> <span class='ocrx_word' id='word_1_93' title='bbox 2744 1544 2778 1589; x_wconf 85' lang='lat'>,</span> <span class='ocrx_word' id='word_1_94' title='bbox 2830 1490 3193 1602; x_wconf 63' lang='lat' dir='ltr'>prosapia</span> <span class='ocrx_word' id='word_1_95' title='bbox 3222 1500 3505 1589; x_wconf 79' lang='lat' dir='ltr'>rustico</span> <span class='ocrx_word' id='word_1_96' title='bbox 3524 1558 3552 1601; x_wconf 85' lang='lat'><strong>,</strong></span> 
     </span>
    </p>
   </div>
   <div class='ocr_carea' id='block_1_4' title="bbox 674 1600 3551 1718">
    <p class='ocr_par' dir='ltr' id='par_1_9' title="bbox 674 1600 3551 1718">
     <span class='ocr_line' id='line_1_12' title="bbox 674 1600 3551 1718; baseline 0.011 -53"><span class='ocrx_word' id='word_1_97' title='bbox 674 1643 681 1650; x_wconf 73' lang='lat'><strong>·</strong></span> <span class='ocrx_word' id='word_1_98' title='bbox 857 1610 1216 1718; x_wconf 82' lang='lat' dir='ltr'>‘contigit</span> <span class='ocrx_word' id='word_1_99' title='bbox 1249 1608 1647 1709; x_wconf 78' lang='lat' dir='ltr'>A0.1707·.</span> <span class='ocrx_word' id='word_1_100' title='bbox 1828 1600 2101 1685; x_wconf 88' lang='lat' dir='ltr'>animo</span> <span class='ocrx_word' id='word_1_101' title='bbox 2129 1621 2294 1683; x_wconf 89' lang='lat' dir='ltr'>erat</span> <span class='ocrx_word' id='word_1_102' title='bbox 2312 1624 2745 1712; x_wconf 79' lang='lat' dir='ltr'>praeparare</span> <span class='ocrx_word' id='word_1_103' title='bbox 2756 1600 3155 1712; x_wconf 71' lang='lat' dir='ltr'>Spiritum</span> <span class='ocrx_word' id='word_1_104' title='bbox 3190 1610 3402 1694; x_wconf 80' lang='lat' dir='ltr'>nitri</span> <span class='ocrx_word' id='word_1_105' title='bbox 3432 1616 3551 1697; x_wconf 84' lang='lat' dir='ltr'>al·</span> 
     </span>
    </p>
   </div>
   <div class='ocr_carea' id='block_1_5' title="bbox 785 1711 3685 3690">
    <p class='ocr_par' dir='ltr' id='par_1_10' title="bbox 785 1711 3685 3690">
     <span class='ocr_line' id='line_1_13' title="bbox 863 1711 3550 1829; baseline 0.002 -26"><span class='ocrx_word' id='word_1_106' title='bbox 863 1718 1293 1826; x_wconf 50' lang='lat' dir='ltr'>&#39;cali-lcitum</span> <span class='ocrx_word' id='word_1_107' title='bbox 1324 1777 1363 1812; x_wconf 86' lang='lat'><em>,</em></span> <span class='ocrx_word' id='word_1_108' title='bbox 1419 1740 1655 1829; x_wconf 87' lang='lat' dir='ltr'>quem</span> <span class='ocrx_word' id='word_1_109' title='bbox 1704 1732 1793 1795; x_wconf 88' lang='lat' dir='ltr'>ut</span> <span class='ocrx_word' id='word_1_110' title='bbox 1838 1711 2248 1797; x_wconf 78' lang='lat' dir='ltr'>fortiorem</span> <span class='ocrx_word' id='word_1_111' title='bbox 2297 1731 2527 1794; x_wconf 81' lang='lat' dir='ltr'>tanto</span> <span class='ocrx_word' id='word_1_112' title='bbox 2590 1712 2951 1797; x_wconf 88' lang='lat' dir='ltr'>obtinere</span> <span class='ocrx_word' id='word_1_113' title='bbox 3006 1714 3257 1823; x_wconf 79' lang='lat' dir='ltr'>poss‘ct</span> <span class='ocrx_word' id='word_1_114' title='bbox 3284 1775 3313 1818; x_wconf 89' lang='lat'>‚</span> <span class='ocrx_word' id='word_1_115' title='bbox 3364 1721 3550 1807; x_wconf 90' lang='lat' dir='ltr'>loco</span> 
     </span>
     <span class='ocr_line' id='line_1_14' title="bbox 858 1818 3551 1957; baseline -0.003 -43"><span class='ocrx_word' id='word_1_116' title='bbox 858 1848 1114 1957; x_wconf 72' lang='lat' dir='ltr'>‘aquae</span> <span class='ocrx_word' id='word_1_117' title='bbox 1143 1821 1876 1937; x_wconf 76' lang='lat' dir='ltr'>affumsitspiritum</span> <span class='ocrx_word' id='word_1_118' title='bbox 1913 1818 2111 1931; x_wconf 78' lang='lat' dir='ltr'>Vini</span> <span class='ocrx_word' id='word_1_119' title='bbox 2122 1845 2163 1912; x_wconf 88' lang='lat'>,·</span> <span class='ocrx_word' id='word_1_120' title='bbox 2214 1822 2664 1943; x_wconf 84' lang='lat' dir='ltr'>operationi</span> <span class='ocrx_word' id='word_1_121' title='bbox 2702 1823 3045 1933; x_wconf 68' lang='lat' dir='ltr'>praefecit</span> <span class='ocrx_word' id='word_1_122' title='bbox 3074 1822 3363 1929; x_wconf 79' lang='lat' dir='ltr'>filium,</span> <span class='ocrx_word' id='word_1_123' title='bbox 3417 1834 3551 1942; x_wconf 80' lang='lat' dir='ltr'>qui</span> 
     </span>
     <span class='ocr_line' id='line_1_15' title="bbox 861 1928 3553 2047; baseline 0 -24"><span class='ocrx_word' id='word_1_124' title='bbox 861 1944 1123 2024; x_wconf 78' lang='lat' dir='ltr'>tribus</span> <span class='ocrx_word' id='word_1_125' title='bbox 1151 1940 1252 2021; x_wconf 78' lang='lat' dir='ltr'>ab</span> <span class='ocrx_word' id='word_1_126' title='bbox 1283 1936 1468 2047; x_wconf 85' lang='lat' dir='ltr'>igne</span> <span class='ocrx_word' id='word_1_127' title='bbox 1502 1930 1830 2045; x_wconf 80' lang='lat' dir='ltr'>paffibus</span> <span class='ocrx_word' id='word_1_128' title='bbox 1865 1929 2073 2013; x_wconf 89' lang='lat' dir='ltr'>stetit</span> <span class='ocrx_word' id='word_1_129' title='bbox 2121 1928 2353 2013; x_wconf 78' lang='lat' dir='ltr'>dolio</span> <span class='ocrx_word' id='word_1_130' title='bbox 2386 1930 2730 2014; x_wconf 82' lang='lat' dir='ltr'>innixus.</span> <span class='ocrx_word' id='word_1_131' title='bbox 2843 1932 3272 2043; x_wconf 83' lang='lat' dir='ltr'>Rumpit-ur</span> <span class='ocrx_word' id='word_1_132' title='bbox 3302 1948 3553 2025; x_wconf 81' lang='lat' dir='ltr'>retor-</span> 
     </span>
     <span class='ocr_line' id='line_1_16' title="bbox 873 2034 3555 2157; baseline 0.001 -25"><span class='ocrx_word' id='word_1_133' title='bbox 873 2070 960 2132; x_wconf 87' lang='lat' dir='ltr'>ta</span> <span class='ocrx_word' id='word_1_134' title='bbox 995 2057 1074 2131; x_wconf 86' lang='lat'>&amp;</span> <span class='ocrx_word' id='word_1_135' title='bbox 1106 2072 1248 2131; x_wconf 82' lang='lat' dir='ltr'>vas</span> <span class='ocrx_word' id='word_1_136' title='bbox 1295 2046 1678 2153; x_wconf 88' lang='lat' dir='ltr'>recipiens</span> <span class='ocrx_word' id='word_1_137' title='bbox 1713 2066 1844 2139; x_wconf 90' lang='lat'>27.</span> <span class='ocrx_word' id='word_1_138' title='bbox 1877 2034 2440 2133; x_wconf 86' lang='lat' dir='ltr'>mensurarum,</span> <span class='ocrx_word' id='word_1_139' title='bbox 2493 2038 3024 2123; x_wconf 81' lang='lat' dir='ltr'>laeditur-hinc</span> <span class='ocrx_word' id='word_1_140' title='bbox 3073 2068 3243 2127; x_wconf 87' lang='lat' dir='ltr'>non</span> <span class='ocrx_word' id='word_1_141' title='bbox 3276 2076 3555 2157; x_wconf 87' lang='lat' dir='ltr'>parum</span> 
     </span>
     <span class='ocr_line' id='line_1_17' title="bbox 866 2148 3552 2266; baseline 0 -25"><span class='ocrx_word' id='word_1_142' title='bbox 866 2164 1254 2266; x_wconf 79' lang='lat' dir='ltr'>&#39;operator</span> <span class='ocrx_word' id='word_1_143' title='bbox 1287 2155 1334 2233; x_wconf 72' lang='grc' dir='ltr'>ὲ</span> <span class='ocrx_word' id='word_1_144' title='bbox 1373 2178 1450 2253; x_wconf 91' lang='lat'>7.</span> <span class='ocrx_word' id='word_1_145' title='bbox 1475 2149 1926 2261; x_wconf 84' lang='lat' dir='ltr'>fragmentis</span> <span class='ocrx_word' id='word_1_146' title='bbox 1945 2148 2127 2231; x_wconf 79' lang='lat' dir='ltr'>vitri</span> <span class='ocrx_word' id='word_1_147' title='bbox 2156 2148 2483 2257; x_wconf 82' lang='lat' dir='ltr'>corpori</span> <span class='ocrx_word' id='word_1_148' title='bbox 2520 2150 2781 2258; x_wconf 74' lang='lat' dir='ltr'>pass‘tm</span> <span class='ocrx_word' id='word_1_149' title='bbox 2800 2202 2825 2244; x_wconf 91' lang='lat'><strong>,</strong></span> <span class='ocrx_word' id='word_1_150' title='bbox 2884 2148 3275 2257; x_wconf 80' lang='lat' dir='ltr'>speciatim</span> <span class='ocrx_word' id='word_1_151' title='bbox 3308 2158 3552 2242; x_wconf 85' lang='lat' dir='ltr'>etiam</span> 
     </span>
     <span class='ocr_line' id='line_1_18' title="bbox 877 2256 3551 2374; baseline -0 -24"><span class='ocrx_word' id='word_1_152' title='bbox 877 2263 1098 2351; x_wconf 91' lang='lat' dir='ltr'>collo</span> <span class='ocrx_word' id='word_1_153' title='bbox 1156 2256 1418 2344; x_wconf 86' lang='lat' dir='ltr'>infixis</span> <span class='ocrx_word' id='word_1_154' title='bbox 1443 2290 1476 2354; x_wconf 87' lang='lat'>·,</span> <span class='ocrx_word' id='word_1_155' title='bbox 1529 2282 1868 2373; x_wconf 80' lang='lat' dir='ltr'>quorum</span> <span class='ocrx_word' id='word_1_156' title='bbox 1919 2256 2283 2341; x_wconf 88' lang='lat' dir='ltr'>ultimum</span> <span class='ocrx_word' id='word_1_157' title='bbox 2316 2262 2450 2341; x_wconf 56' lang='grc' dir='ltr'>ΛΦ.</span> <span class='ocrx_word' id='word_1_158' title='bbox 2488 2280 2703 2359; x_wconf 85' lang='lat'>1710.</span> <span class='ocrx_word' id='word_1_159' title='bbox 2758 2258 3070 2342; x_wconf 87' lang='lat' dir='ltr'>demum</span> <span class='ocrx_word' id='word_1_160' title='bbox 3120 2260 3165 2343; x_wconf 80' lang='grc' dir='ltr'>ὲ</span> <span class='ocrx_word' id='word_1_161' title='bbox 3198 2290 3551 2374; x_wconf 89' lang='lat' dir='ltr'>corpore</span> 
     </span>
     <span class='ocr_line' id='line_1_19' title="bbox 785 2363 3551 2485; baseline 0.001 -28"><span class='ocrx_word' id='word_1_162' title='bbox 785 2402 790 2411; x_wconf 94' lang='lat'>·</span> <span class='ocrx_word' id='word_1_163' title='bbox 875 2373 1032 2457; x_wconf 82' lang='lat' dir='ltr'>fuit</span> <span class='ocrx_word' id='word_1_164' title='bbox 1096 2366 1601 2479; x_wconf 63' lang='lat' dir='ltr'>protraQum.</span> <span class='ocrx_word' id='word_1_165' title='bbox 1710 2363 2119 2451; x_wconf 85' lang='lat' dir='ltr'>Curiofius</span> <span class='ocrx_word' id='word_1_166' title='bbox 2164 2364 2317 2451; x_wconf 83' lang='lat' dir='ltr'>fuit</span> <span class='ocrx_word' id='word_1_167' title='bbox 2384 2364 2777 2451; x_wconf 77' lang='lat' dir='ltr'>acuforme</span> <span class='ocrx_word' id='word_1_168' title='bbox 2830 2369 3179 2477; x_wconf 78' lang='lat' dir='ltr'>fragmen</span> <span class='ocrx_word' id='word_1_169' title='bbox 3222 2426 3250 2467; x_wconf 87' lang='lat'><strong>,</strong></span> <span class='ocrx_word' id='word_1_170' title='bbox 3316 2376 3551 2485; x_wconf 85' lang='lat' dir='ltr'>quod</span> 
     </span>
     <span class='ocr_line' id='line_1_20' title="bbox 864 2473 3557 2596; baseline 0.001 -31"><span class='ocrx_word' id='word_1_171' title='bbox 864 2482 1171 2596; x_wconf 71' lang='lat' dir='ltr'>plantae</span> <span class='ocrx_word' id='word_1_172' title='bbox 1207 2479 1430 2592; x_wconf 85' lang='lat' dir='ltr'>pedis</span> <span class='ocrx_word' id='word_1_173' title='bbox 1481 2474 1847 2563; x_wconf 83' lang='lat' dir='ltr'>infixum·</span> <span class='ocrx_word' id='word_1_174' title='bbox 1872 2474 2189 2561; x_wconf 81' lang='lat' dir='ltr'>haeserat</span> <span class='ocrx_word' id='word_1_175' title='bbox 2222 2530 2249 2571; x_wconf 87' lang='lat'><strong>,</strong></span> <span class='ocrx_word' id='word_1_176' title='bbox 2306 2498 2459 2589; x_wconf 80' lang='lat' dir='ltr'>nec</span> <span class='ocrx_word' id='word_1_177' title='bbox 2491 2498 2752 2561; x_wconf 62' lang='lat' dir='ltr'>umen</span> <span class='ocrx_word' id='word_1_178' title='bbox 2782 2476 3017 2562; x_wconf 88' lang='lat' dir='ltr'>calcei</span> <span class='ocrx_word' id='word_1_179' title='bbox 3068 2473 3295 2564; x_wconf 79' lang='lat' dir='ltr'>soleae</span> <span class='ocrx_word' id='word_1_180' title='bbox 3324 2484 3557 2593; x_wconf 70' lang='lat' dir='ltr'>quici-</span> 
     </span>
     <span class='ocr_line' id='line_1_21' title="bbox 871 2584 3553 2708; baseline 0 -32"><span class='ocrx_word' id='word_1_181' title='bbox 871 2593 1092 2708; x_wconf 85' lang='lat' dir='ltr'>piam</span> <span class='ocrx_word' id='word_1_182' title='bbox 1125 2590 1382 2676; x_wconf 82' lang='lat' dir='ltr'>attulit</span> <span class='ocrx_word' id='word_1_183' title='bbox 1411 2586 1708 2676; x_wconf 82' lang='lat' dir='ltr'>damni.</span> <span class='ocrx_word' id='word_1_184' title='bbox 1821 2584 2125 2699; x_wconf 82' lang='lat' dir='ltr'>Fragor</span> <span class='ocrx_word' id='word_1_185' title='bbox 2151 2584 2693 2695; x_wconf 82' lang='lat' dir='ltr'>disruptorum</span> <span class='ocrx_word' id='word_1_186' title='bbox 2708 2587 3059 2674; x_wconf 83' lang='lat' dir='ltr'>vasorum</span> <span class='ocrx_word' id='word_1_187' title='bbox 3094 2587 3243 2673; x_wconf 90' lang='lat' dir='ltr'>fuit</span> <span class='ocrx_word' id='word_1_188' title='bbox 3274 2592 3553 2703; x_wconf 82' lang='lat' dir='ltr'>explo-</span> 
     </span>
     <span class='ocr_line' id='line_1_22' title="bbox 872 2695 3551 2813; baseline -0.001 -25"><span class='ocrx_word' id='word_1_189' title='bbox 872 2703 968 2788; x_wconf 81' lang='lat' dir='ltr'>fo</span> <span class='ocrx_word' id='word_1_190' title='bbox 1003 2702 1378 2787; x_wconf 85' lang='lat' dir='ltr'>mortario</span> <span class='ocrx_word' id='word_1_191' title='bbox 1415 2703 1538 2784; x_wconf 83' lang='lat' dir='ltr'>vel</span> <span class='ocrx_word' id='word_1_192' title='bbox 1571 2717 1981 2784; x_wconf 88' lang='lat' dir='ltr'>tormento</span> <span class='ocrx_word' id='word_1_193' title='bbox 2011 2696 2292 2806; x_wconf 66' lang='lat' dir='ltr'>maJori</span> <span class='ocrx_word' id='word_1_194' title='bbox 2326 2719 2456 2776; x_wconf 80' lang='lat'>20.</span> <span class='ocrx_word' id='word_1_195' title='bbox 2491 2695 2725 2780; x_wconf 82' lang='lat' dir='ltr'>libras</span> <span class='ocrx_word' id='word_1_196' title='bbox 2754 2696 3039 2780; x_wconf 81' lang='lat' dir='ltr'>ferenti</span> <span class='ocrx_word' id='word_1_197' title='bbox 3062 2695 3361 2799; x_wconf 85' lang='lat' dir='ltr'>fimilis,</span> <span class='ocrx_word' id='word_1_198' title='bbox 3414 2729 3551 2813; x_wconf 85' lang='lat' dir='ltr'>per</span> 
     </span>
     <span class='ocr_line' id='line_1_23' title="bbox 877 2802 3545 2920; baseline -0 -23"><span class='ocrx_word' id='word_1_199' title='bbox 877 2819 1132 2898; x_wconf 75' lang='lat' dir='ltr'>‘totam</span> <span class='ocrx_word' id='word_1_200' title='bbox 1182 2815 1452 2896; x_wconf 82' lang='lat' dir='ltr'>urbem</span> <span class='ocrx_word' id='word_1_201' title='bbox 1505 2809 1877 2905; x_wconf 78' lang='lat' dir='ltr'>auditus,</span> <span class='ocrx_word' id='word_1_202' title='bbox 1931 2827 2022 2888; x_wconf 88' lang='lat' dir='ltr'>ut</span> <span class='ocrx_word' id='word_1_203' title='bbox 2069 2803 2537 2890; x_wconf 84' lang='lat' dir='ltr'>accurrerint</span> <span class='ocrx_word' id='word_1_204' title='bbox 2566 2802 2733 2914; x_wconf 82' lang='lat' dir='ltr'>-ipfi</span> <span class='ocrx_word' id='word_1_205' title='bbox 2788 2806 3025 2890; x_wconf 85' lang='lat' dir='ltr'>vicini</span> <span class='ocrx_word' id='word_1_206' title='bbox 3060 2809 3545 2920; x_wconf 77' lang='lat' dir='ltr'>judicantes,</span> 
     </span>
     <span class='ocr_line' id='line_1_24' title="bbox 877 2913 3547 3034; baseline -0.001 -28"><span class='ocrx_word' id='word_1_207' title='bbox 877 2921 1298 3034; x_wconf 72' lang='lat' dir='ltr'>colla&#39;psstm</span> <span class='ocrx_word' id='word_1_208' title='bbox 1347 2922 1702 3003; x_wconf 87' lang='lat' dir='ltr'>domum.</span> <span class='ocrx_word' id='word_1_209' title='bbox 1815 2913 2285 3002; x_wconf 77' lang='lat' dir='ltr'>surditatem</span> <span class='ocrx_word' id='word_1_210' title='bbox 2328 2917 2702 3024; x_wconf 86' lang='lat' dir='ltr'>concepit</span> <span class='ocrx_word' id='word_1_211' title='bbox 2748 2914 2937 2997; x_wconf 89' lang='lat' dir='ltr'>inde</span> <span class='ocrx_word' id='word_1_212' title='bbox 3004 2919 3547 3028; x_wconf 83' lang='lat' dir='ltr'>temporariam</span> 
     </span>
     <span class='ocr_line' id='line_1_25' title="bbox 879 3020 3557 3140; baseline -0.001 -26"><span class='ocrx_word' id='word_1_213' title='bbox 879 3031 1198 3116; x_wconf 82' lang='lat' dir='ltr'>adstans</span> <span class='ocrx_word' id='word_1_214' title='bbox 1265 3029 1665 3140; x_wconf 85' lang='lat' dir='ltr'>chymicus</span> <span class='ocrx_word' id='word_1_215' title='bbox 1699 3079 1730 3126; x_wconf 85' lang='lat'><strong>,</strong></span> <span class='ocrx_word' id='word_1_216' title='bbox 1804 3033 1884 3108; x_wconf 72' lang='grc' dir='ltr'>δι’</span> <span class='ocrx_word' id='word_1_217' title='bbox 1933 3023 2345 3110; x_wconf 86' lang='lat' dir='ltr'>domestici</span> <span class='ocrx_word' id='word_1_218' title='bbox 2410 3022 2570 3104; x_wconf 84' lang='lat' dir='ltr'>alii.</span> <span class='ocrx_word' id='word_1_219' title='bbox 2666 3020 2987 3108; x_wconf 75' lang='lat' dir='ltr'>Tribus</span> <span class='ocrx_word' id='word_1_220' title='bbox 3036 3025 3086 3106; x_wconf 76' lang='grc' dir='ltr'>ὲ</span> <span class='ocrx_word' id='word_1_221' title='bbox 3136 3032 3557 3140; x_wconf 85' lang='lat' dir='ltr'>recipiente</span> 
     </span>
     <span class='ocr_line' id='line_1_26' title="bbox 882 3131 3555 3250; baseline 0 -28"><span class='ocrx_word' id='word_1_222' title='bbox 882 3138 1220 3250; x_wconf 78' lang='lat' dir='ltr'>pastibus</span> <span class='ocrx_word' id='word_1_223' title='bbox 1256 3136 1726 3248; x_wconf 86' lang='lat' dir='ltr'>repofitotio</span> <span class='ocrx_word' id='word_1_224' title='bbox 1773 3157 1996 3218; x_wconf 87' lang='lat' dir='ltr'>erant</span> <span class='ocrx_word' id='word_1_225' title='bbox 2032 3131 2393 3243; x_wconf 74' lang='lat' dir='ltr'>impolita</span> <span class='ocrx_word' id='word_1_226' title='bbox 2428 3131 2666 3228; x_wconf 84' lang='lat' dir='ltr'>vitra,</span> <span class='ocrx_word' id='word_1_227' title='bbox 2724 3131 3161 3242; x_wconf 83' lang='lat' dir='ltr'>liquoribus</span> <span class='ocrx_word' id='word_1_228' title='bbox 3197 3140 3425 3223; x_wconf 85' lang='lat' dir='ltr'>variis</span> <span class='ocrx_word' id='word_1_229' title='bbox 3452 3140 3555 3223; x_wconf 85' lang='lat' dir='ltr'>ad</span> 
     </span>
     <span class='ocr_line' id='line_1_27' title="bbox 872 3239 3553 3359; baseline -0.004 -25"><span class='ocrx_word' id='word_1_230' title='bbox 872 3251 1213 3334; x_wconf 70' lang='lat' dir='ltr'>diversas</span> <span class='ocrx_word' id='word_1_231' title='bbox 1243 3245 1689 3331; x_wconf 83' lang='lat' dir='ltr'>altitudines</span> <span class='ocrx_word' id='word_1_232' title='bbox 1713 3245 2005 3355; x_wconf 85' lang='lat' dir='ltr'>repleta</span> <span class='ocrx_word' id='word_1_233' title='bbox 2022 3285 2055 3354; x_wconf 60' lang='grc' dir='ltr'><strong><em>ς</em></strong></span> <span class='ocrx_word' id='word_1_234' title='bbox 2107 3243 2305 3332; x_wconf 78' lang='lat' dir='ltr'>Haec</span> <span class='ocrx_word' id='word_1_235' title='bbox 2324 3241 2726 3352; x_wconf 87' lang='lat' dir='ltr'>quousque</span> <span class='ocrx_word' id='word_1_236' title='bbox 2758 3239 2971 3326; x_wconf 88' lang='lat' dir='ltr'>fuere</span> <span class='ocrx_word' id='word_1_237' title='bbox 3004 3269 3243 3328; x_wconf 84' lang='lat' dir='ltr'>vacua</span> <span class='ocrx_word' id='word_1_238' title='bbox 3276 3247 3360 3328; x_wconf 90' lang='lat' dir='ltr'>in</span> <span class='ocrx_word' id='word_1_239' title='bbox 3386 3249 3553 3359; x_wconf 77' lang='lat' dir='ltr'>pul.</span> 
     </span>
     <span class='ocr_line' id='line_1_28' title="bbox 873 3349 3555 3467; baseline -0.002 -24"><span class='ocrx_word' id='word_1_240' title='bbox 873 3383 1142 3443; x_wconf 78' lang='lat' dir='ltr'>vetem</span> <span class='ocrx_word' id='word_1_241' title='bbox 1198 3353 1764 3440; x_wconf 81' lang='lat' dir='ltr'>subtiliffimum</span> <span class='ocrx_word' id='word_1_242' title='bbox 1805 3354 2018 3438; x_wconf 88' lang='lat' dir='ltr'>fuere</span> <span class='ocrx_word' id='word_1_243' title='bbox 2064 3349 2437 3438; x_wconf 83' lang='lat' dir='ltr'>conversa</span> <span class='ocrx_word' id='word_1_244' title='bbox 2469 3404 2497 3444; x_wconf 85' lang='lat'>,</span> <span class='ocrx_word' id='word_1_245' title='bbox 2552 3352 2651 3432; x_wconf 87' lang='lat' dir='ltr'>ad</span> <span class='ocrx_word' id='word_1_246' title='bbox 2688 3351 2988 3461; x_wconf 85' lang='lat' dir='ltr'>postica</span> <span class='ocrx_word' id='word_1_247' title='bbox 3044 3352 3381 3462; x_wconf 85' lang='lat' dir='ltr'>sparsum</span> <span class='ocrx_word' id='word_1_248' title='bbox 3418 3383 3555 3467; x_wconf 84' lang='lat' dir='ltr'>per</span> 
     </span>
     <span class='ocr_line' id='line_1_29' title="bbox 881 3455 3685 3578; baseline -0.001 -28"><span class='ocrx_word' id='word_1_249' title='bbox 881 3467 1228 3552; x_wconf 89' lang='lat' dir='ltr'>medium</span> <span class='ocrx_word' id='word_1_250' title='bbox 1271 3464 1642 3578; x_wconf 87' lang='lat' dir='ltr'>parietem</span> <span class='ocrx_word' id='word_1_251' title='bbox 1692 3466 2037 3574; x_wconf 88' lang='lat' dir='ltr'>ligneum</span> <span class='ocrx_word' id='word_1_252' title='bbox 2073 3464 2229 3545; x_wconf 85' lang='lat' dir='ltr'>hoc</span> <span class='ocrx_word' id='word_1_253' title='bbox 2263 3455 2443 3570; x_wconf 88' lang='lat' dir='ltr'>ipso</span> <span class='ocrx_word' id='word_1_254' title='bbox 2491 3458 2758 3542; x_wconf 80' lang='lat' dir='ltr'>illaeso.</span> <span class='ocrx_word' id='word_1_255' title='bbox 2874 3458 3165 3544; x_wconf 89' lang='lat' dir='ltr'>Casum</span> <span class='ocrx_word' id='word_1_256' title='bbox 3200 3465 3409 3548; x_wconf 85' lang='lat' dir='ltr'>hunc</span> <span class='ocrx_word' id='word_1_257' title='bbox 3442 3467 3557 3548; x_wconf 88' lang='lat' dir='ltr'>uti</span> <span class='ocrx_word' id='word_1_258' title='bbox 3676 3477 3685 3486; x_wconf 82' lang='lat'>&#39;</span> 
     </span>
     <span class='ocr_line' id='line_1_30' title="bbox 880 3565 3559 3690; baseline -0.001 -29"><span class='ocrx_word' id='word_1_259' title='bbox 880 3599 982 3661; x_wconf 78' lang='lat' dir='ltr'>ex</span> <span class='ocrx_word' id='word_1_260' title='bbox 1025 3603 1165 3664; x_wconf 84' lang='lat' dir='ltr'>ore</span> <span class='ocrx_word' id='word_1_261' title='bbox 1181 3573 1556 3690; x_wconf 88' lang='lat' dir='ltr'>Chymici</span> <span class='ocrx_word' id='word_1_262' title='bbox 1583 3599 1761 3658; x_wconf 89' lang='lat' dir='ltr'>eum</span> <span class='ocrx_word' id='word_1_263' title='bbox 1795 3571 2105 3669; x_wconf 86' lang='lat' dir='ltr'>habuit,</span> <span class='ocrx_word' id='word_1_264' title='bbox 2164 3567 2543 3653; x_wconf 83' lang='lat' dir='ltr'>recensuit</span> <span class='ocrx_word' id='word_1_265' title='bbox 2558 3565 3314 3670; x_wconf 73' lang='lat' dir='ltr'>N0b.D„.Wldius</span> <span class='ocrx_word' id='word_1_266' title='bbox 3330 3573 3559 3658; x_wconf 83' lang='lat' dir='ltr'>Ami-</span> 
     </span>
    </p>
   </div>
   <div class='ocr_carea' id='block_1_6' title="bbox 889 3677 3563 3900">
    <p class='ocr_par' dir='ltr' id='par_1_11' title="bbox 889 3677 3563 3900">
     <span class='ocr_line' id='line_1_31' title="bbox 889 3677 3461 3808; baseline -0.009 -37"><span class='ocrx_word' id='word_1_267' title='bbox 889 3712 1030 3771; x_wconf 85' lang='lat' dir='ltr'>cus</span> <span class='ocrx_word' id='word_1_268' title='bbox 1059 3686 1408 3799; x_wconf 87' lang='lat' dir='ltr'>optimus</span> <span class='ocrx_word' id='word_1_269' title='bbox 1439 3683 1596 3768; x_wconf 90' lang='lat' dir='ltr'>Lit.</span> <span class='ocrx_word' id='word_1_270' title='bbox 1623 3681 1706 3768; x_wconf 89' lang='lat' dir='ltr'>d.</span> <span class='ocrx_word' id='word_1_271' title='bbox 1741 3709 1869 3788; x_wconf 90' lang='lat'>29.</span> <span class='ocrx_word' id='word_1_272' title='bbox 1889 3679 2047 3796; x_wconf 81' lang='lat' dir='ltr'>Jul.</span> <span class='ocrx_word' id='word_1_273' title='bbox 2088 3703 2312 3782; x_wconf 85' lang='lat'>1711.</span> <span class='ocrx_word' id='word_1_274' title='bbox 2342 3677 2444 3761; x_wconf 86' lang='lat' dir='ltr'>ad</span> <span class='ocrx_word' id='word_1_275' title='bbox 2473 3677 2856 3804; x_wconf 73' lang='lat' dir='ltr'>medatis.</span> <span class='ocrx_word' id='word_1_276' title='bbox 2991 3788 3008 3805; x_wconf 35' lang='grc' dir='ltr'><strong>ο</strong></span> <span class='ocrx_word' id='word_1_277' title='bbox 3158 3715 3193 3800; x_wconf 64' lang='lat' dir='ltr'><em>j</em></span> <span class='ocrx_word' id='word_1_278' title='bbox 3431 3791 3461 3808; x_wconf 25' lang='lat'>.-</span> 
     </span>
     <span class='ocr_line' id='line_1_32' title="bbox 981 3785 3563 3900; baseline -0.003 -17"><span class='ocrx_word' id='word_1_279' title='bbox 981 3798 1210 3882; x_wconf 84' lang='lat' dir='ltr'>·Dies</span> <span class='ocrx_word' id='word_1_280' title='bbox 1257 3822 1386 3897; x_wconf 90' lang='lat'>27.</span> <span class='ocrx_word' id='word_1_281' title='bbox 1418 3791 1550 3877; x_wconf 83' lang='lat'>28.</span> <span class='ocrx_word' id='word_1_282' title='bbox 1585 3819 1712 3898; x_wconf 88' lang='lat'>29.</span> <span class='ocrx_word' id='word_1_283' title='bbox 1764 3789 2286 3900; x_wconf 79' lang='lat' dir='ltr'>transiguntur</span> <span class='ocrx_word' id='word_1_284' title='bbox 2320 3785 3142 3873; x_wconf 76' lang='lat' dir='ltr'>solennitatibus&#39;circa</span> <span class='ocrx_word' id='word_1_285' title='bbox 3179 3787 3563 3876; x_wconf 73' lang='lat' dir='ltr'>Exercitia</span> 
     </span>
    </p>
   </div>
   <div class='ocr_carea' id='block_1_7' title="bbox 555 3873 3563 4024">
    <p class='ocr_par' dir='ltr' id='par_1_12' title="bbox 555 3873 3563 4024">
     <span class='ocr_line' id='line_1_33' title="bbox 555 3873 3563 4024; baseline -0.002 -35"><span class='ocrx_word' id='word_1_286' title='bbox 555 3873 871 4024; x_wconf 51' lang='lat' dir='ltr'>mm,</span> <span class='ocrx_word' id='word_1_287' title='bbox 903 3915 1297 3994; x_wconf 81' lang='lat' dir='ltr'>‘armorum</span> <span class='ocrx_word' id='word_1_288' title='bbox 1333 3899 1784 4018; x_wconf 83' lang='lat' dir='ltr'>magnifica,</span> <span class='ocrx_word' id='word_1_289' title='bbox 1838 3900 2123 4010; x_wconf 86' lang='lat' dir='ltr'>quibus</span> <span class='ocrx_word' id='word_1_290' title='bbox 2168 3893 2655 3982; x_wconf 84' lang='lat' dir='ltr'>occafionem</span> <span class='ocrx_word' id='word_1_291' title='bbox 2688 3899 2825 3980; x_wconf 83' lang='lat' dir='ltr'>dat</span> <span class='ocrx_word' id='word_1_292' title='bbox 2860 3897 3563 4022; x_wconf 77' lang='lat' dir='ltr'>RegimenJuven-</span> 
     </span>
    </p>
   </div>
   <div class='ocr_carea' id='block_1_8' title="bbox 439 4024 728 4116">
    <p class='ocr_par' dir='ltr' id='par_1_13' title="bbox 439 4024 728 4116">
     <span class='ocr_line' id='line_1_34' title="bbox 439 4024 728 4116; baseline -0.007 -28"><span class='ocrx_word' id='word_1_293' title='bbox 439 4063 448 4071; x_wconf 86' lang='lat'>-</span> <span class='ocrx_word' id='word_1_294' title='bbox 557 4024 728 4116; x_wconf 60' lang='lat' dir='ltr'>quanta.</span> 
     </span>
    </p>
   </div>
   <div class='ocr_carea' id='block_1_9' title="bbox 826 4005 3573 4466">
    <p class='ocr_par' dir='ltr' id='par_1_14' title="bbox 826 4005 3573 4466">
     <span class='ocr_line' id='line_1_35' title="bbox 851 4005 3561 4114; baseline -0.004 -10"><span class='ocrx_word' id='word_1_295' title='bbox 851 4067 860 4078; x_wconf 90' lang='lat'><strong>·</strong></span> <span class='ocrx_word' id='word_1_296' title='bbox 907 4019 1096 4104; x_wconf 82' lang='lat' dir='ltr'>tutis</span> <span class='ocrx_word' id='word_1_297' title='bbox 1127 4015 1410 4109; x_wconf 86' lang='lat' dir='ltr'>ideale,</span> <span class='ocrx_word' id='word_1_298' title='bbox 1465 4034 1552 4095; x_wconf 90' lang='lat' dir='ltr'>ut</span> <span class='ocrx_word' id='word_1_299' title='bbox 1575 4017 1684 4096; x_wconf 81' lang='lat' dir='ltr'>ita</span> <span class='ocrx_word' id='word_1_300' title='bbox 1727 4009 1810 4090; x_wconf 82' lang='lat' dir='ltr'>lo</span> <span class='ocrx_word' id='word_1_301' title='bbox 1873 4033 2049 4104; x_wconf 88' lang='lat' dir='ltr'>uar,</span> <span class='ocrx_word' id='word_1_302' title='bbox 2102 4007 2271 4089; x_wconf 78' lang='lat' dir='ltr'>veri</span> <span class='ocrx_word' id='word_1_303' title='bbox 2302 4005 2747 4114; x_wconf 81' lang='lat' dir='ltr'>Regiminis</span> <span class='ocrx_word' id='word_1_304' title='bbox 2780 4005 3187 4092; x_wconf 79' lang='lat' dir='ltr'>Berncnsis</span> <span class='ocrx_word' id='word_1_305' title='bbox 3218 4010 3561 4094; x_wconf 70' lang='lat' dir='ltr'>imitato·</span> 
     </span>
     <span class='ocr_line' id='line_1_36' title="bbox 826 4111 3563 4229; baseline -0.003 -20"><span class='ocrx_word' id='word_1_306' title='bbox 826 4177 840 4188; x_wconf 49' lang='grc'><em>’</em></span> <span class='ocrx_word' id='word_1_307' title='bbox 905 4129 1130 4210; x_wconf 84' lang='lat' dir='ltr'>rium.</span> <span class='ocrx_word' id='word_1_308' title='bbox 1179 4124 1584 4207; x_wconf 87' lang='lat' dir='ltr'>Nimirum</span> <span class='ocrx_word' id='word_1_309' title='bbox 1629 4141 1800 4202; x_wconf 84' lang='lat' dir='ltr'>eam</span> <span class='ocrx_word' id='word_1_310' title='bbox 1935 4118 2065 4200; x_wconf 88' lang='lat' dir='ltr'>bet</span> <span class='ocrx_word' id='word_1_311' title='bbox 2084 4115 2433 4199; x_wconf 82' lang='lat' dir='ltr'>honestae</span> <span class='ocrx_word' id='word_1_312' title='bbox 2466 4111 2717 4197; x_wconf 84' lang='lat' dir='ltr'>laudis</span> <span class='ocrx_word' id='word_1_313' title='bbox 2750 4116 3260 4201; x_wconf 88' lang='lat' dir='ltr'>ambitionem</span> <span class='ocrx_word' id='word_1_314' title='bbox 3288 4120 3563 4229; x_wconf 74' lang='lat' dir='ltr'>juven-</span> 
     </span>
     <span class='ocr_line' id='line_1_37' title="bbox 900 4225 3573 4338; baseline -0.003 -20"><span class='ocrx_word' id='word_1_315' title='bbox 900 4259 1072 4331; x_wconf 91' lang='lat' dir='ltr'>tus,</span> <span class='ocrx_word' id='word_1_316' title='bbox 1124 4254 1214 4314; x_wconf 89' lang='lat' dir='ltr'>ut</span> <span class='ocrx_word' id='word_1_317' title='bbox 1241 4234 1614 4317; x_wconf 89' lang='lat' dir='ltr'>Proceres</span> <span class='ocrx_word' id='word_1_318' title='bbox 1648 4227 1830 4311; x_wconf 86' lang='lat' dir='ltr'>suos</span> <span class='ocrx_word' id='word_1_319' title='bbox 1863 4225 2351 4338; x_wconf 64' lang='lat' dir='ltr'>Reipublicae</span> <span class='ocrx_word' id='word_1_320' title='bbox 2380 4226 2936 4334; x_wconf 86' lang='lat' dir='ltr'>gubernatores</span> <span class='ocrx_word' id='word_1_321' title='bbox 2964 4227 3573 4312; x_wconf 79' lang='lat' dir='ltr'>imitentur-tum</span> 
     </span>
     <span class='ocr_line' id='line_1_38' title="bbox 895 4329 3573 4466; baseline -0.002 -40"><span class='ocrx_word' id='word_1_322' title='bbox 895 4346 979 4427; x_wconf 89' lang='lat' dir='ltr'>in</span> <span class='ocrx_word' id='word_1_323' title='bbox 1020 4341 1272 4426; x_wconf 84' lang='lat' dir='ltr'>forma</span> <span class='ocrx_word' id='word_1_324' title='bbox 1303 4341 1542 4466; x_wconf 68' lang='lat' dir='ltr'>Reip.</span> <span class='ocrx_word' id='word_1_325' title='bbox 1562 4366 1716 4450; x_wconf 89' lang='lat' dir='ltr'>pro</span> <span class='ocrx_word' id='word_1_326' title='bbox 1773 4337 1903 4424; x_wconf 84' lang='lat' dir='ltr'>riae</span> <span class='ocrx_word' id='word_1_327' title='bbox 1915 4391 1945 4436; x_wconf 88' lang='lat'>‚</span> <span class='ocrx_word' id='word_1_328' title='bbox 2006 4335 2365 4419; x_wconf 79' lang='lat' dir='ltr'>exterior</span> <span class='ocrx_word' id='word_1_329' title='bbox 2402 4329 2691 4419; x_wconf 80' lang='lat' dir='ltr'>Status</span> <span class='ocrx_word' id='word_1_330' title='bbox 2708 4395 2745 4432; x_wconf 80' lang='lat'><em>,</em></span> <span class='ocrx_word' id='word_1_331' title='bbox 2802 4333 3223 4442; x_wconf 61' lang='lat' dir='ltr'>der&#39;uffifie</span> <span class='ocrx_word' id='word_1_332' title='bbox 3254 4335 3573 4437; x_wconf 75' lang='lat' dir='ltr'>Stand,</span> 
     </span>
    </p>
   </div>
   <div class='ocr_carea' id='block_1_10' title="bbox 891 4441 3664 4655">
    <p class='ocr_par' dir='ltr' id='par_1_15' title="bbox 891 4441 3664 4655">
     <span class='ocr_line' id='line_1_39' title="bbox 891 4441 3664 4638; baseline -0.006 -94"><span class='ocrx_word' id='word_1_333' title='bbox 891 4451 1163 4555; x_wconf 68' lang='lat' dir='ltr'>dietae,</span> <span class='ocrx_word' id='word_1_334' title='bbox 1217 4470 1386 4567; x_wconf 75' lang='lat' dir='ltr'>tum</span> <span class='ocrx_word' id='word_1_335' title='bbox 1417 4476 1502 4564; x_wconf 62' lang='lat'>4⁰.</span> <span class='ocrx_word' id='word_1_336' title='bbox 1519 4443 2018 4549; x_wconf 58' lang='lat' dir='ltr'>conultancfi</span> <span class='ocrx_word' id='word_1_337' title='bbox 2052 4454 2127 4535; x_wconf 77' lang='grc' dir='ltr'>δι</span> <span class='ocrx_word' id='word_1_338' title='bbox 2148 4441 2569 4554; x_wconf 74' lang='lat' dir='ltr'>decidendi</span> <span class='ocrx_word' id='word_1_339' title='bbox 2596 4444 3164 4536; x_wconf 74' lang='lat' dir='ltr'>controversias</span> <span class='ocrx_word' id='word_1_340' title='bbox 3196 4441 3361 4530; x_wconf 86' lang='lat' dir='ltr'>suas</span> <span class='ocrx_word' id='word_1_341' title='bbox 3393 4473 3573 4638; x_wconf 58' lang='lat'><strong>130-</strong></span> <span class='ocrx_word' id='word_1_342' title='bbox 3658 4555 3664 4562; x_wconf 15' lang='grc' dir='ltr'>ἱ</span> 
     </span>
     <span class='ocr_line' id='line_1_40' title="bbox 2158 4583 3583 4655; baseline -0.007 -54"><span class='ocrx_word' id='word_1_343' title='bbox 2158 4583 2205 4612; x_wconf 73' lang='grc'>,.</span> <span class='ocrx_word' id='word_1_344' title='bbox 2732 4591 2737 4596; x_wconf 78' lang='grc'><em>,</em></span> <span class='ocrx_word' id='word_1_345' title='bbox 3473 4583 3583 4655; x_wconf 47' lang='lat'>0,</span> 
     </span>
    </p>
   </div>
  </div>
 </body>
</html>
