3992 5213
826 372 916 487 Q
974 368 1057 457 υ
1113 368 1151 457 1
1200 337 1295 456 N
1348 366 1432 456 T
1485 365 1764 467 UM,
1880 366 2166 447 ANNI
2217 363 2675 456 Moccvt.
2732 353 2745 363 '
2873 385 2880 393 ·
3030 380 3184 489 ³67

448 507 629 591 onis
693 496 1223 609 Lucernensts
1256 500 1582 585 fuerunt
1629 499 2030 609 hospites,
2089 501 2358 587 dicam
2421 531 2522 587 an
2597 503 2893 599 Incolae
2915 540 2937 600 ς
3021 510 3186 591 Ac-

452 616 676 701 cedit
722 610 1264 725 recentiffima
1308 611 1701 695 Draconis
1740 632 1927 697 ante
1962 638 2250 721 paucas
2308 615 2856 699 hebdomadas
2927 641 3184 727 prope
3272 662 3280 665 >-

456 725 973 829 Villisoviam
1006 722 1144 808 visi
1181 718 1583 818 Historia,
1628 747 1875 835 quam
1916 722 2126 805 infr&
2178 723 2660 816 recensebo,
2705 720 2905 809 licet
2963 730 3202 835 nugi-

455 832 1122 921 vendulae'Plebis
1165 828 1256 915 fit
1290 858 1609 915 merum
1645 851 2208 916 commentum
2231 891 2256 928 ‚
2310 860 2414 919 ne
2450 836 2626 943 quis
2657 836 2737 917 in
2781 832 3190 944 posterum

454 942 839 1032 Fabulam
893 943 1097 1027 hanc
1132 944 1343 1026 inter
1380 939 1779 1025 Historias
1814 940 2176 1037 referat,·
2211 940 2290 1025 &
2335 942 2666 1051 Insignia
2711 944 3190 1029 Draconum

459 1052 1115 1151 Lucernenfium'
1176 1071 1746 1145 monumenta,
1836 1077 2086 1135 unum
2158 1053 2240 1137 in
2311 1052 2673 1163 Templo
2717 1052 3191 1149 Cathedraii

454 1166 913 1259 Draconis,
986 1165 1069 1246 in
1137 1160 1380 1271 Toga
1429 1156 1824 1245 Miffiitica
1874 1159 2215 1271 depiffl,
2269 1166 2608 1248 alterum
2655 1163 3188 1263 Draconitae,

453 1275 557 1360 ad
608 1277 851 1379 &ujus'
892 1271 1514 1381 descriptionem
1547 1273 1767 1382 prius
1818 1296 1951 1355 me
2001 1272 2382 1382 accingo,
2435 1300 2680 1387 quam
2717 1275 2821 1359 ad
2871 1274 3187 1363 Draco-
3237 1382 3242 1385 ι

455 1412 653 1471 num
698 1382 1135 1468 Historiam
1175 1382 1445 1491 ipsam.

570 1494 827 1603 Quod
878 1492 933 1576 fi
960 1492 1187 1600 juxta
1225 1488 1793 1577 Veriverbium
1828 1515 2269 1577 commune
2305 1520 2511 1575 rara
2539 1495 2716 1582 sunt
2736 1496 3178 1603 preclara,
3239 1502 3249 1510 “

454 1605 538 1691 δε
564 1604 970 1713 preclara
1007 1628 1249 1699 rara,
1308 1602 1429 1683 uti
1469 1599 1646 1682 sane
1681 1599 2064 1684 rariffima
2099 1626 2445 1713 quaeque
2478 1603 2669 1687 sunt-
2693 1606 3178 1699 Monadica,

450 1719 585 1803 vel
618 1714 735 1799 sui
774 1740 935 1799 non
976 1713 1224 1795 'muita
1268 1709 1558 1794 habent
1588 1710 1844 1817 paria,
1896 1713 1993 1793 ad
2033 1715 2422 1817 majorem
2461 1715 2696 1823 proin
2750 1710 3179 1822 perfestio·
3264 1776 3270 1783 .

450 1829 577 1913 nis
615 1883 640 1921 ,
708 1823 1117 1935 pretiique
1174 1818 1510 1926 gradum
1562 1815 1874 1915 circeia,
1948 1820 2497 1930 praeferendus
2555 1825 2738 1909 sane
2799 1820 3176 1905 omnibus

450 1937 821 2022 omnium
876 1931 1351 2015 Museorum
1405 1928 1728 2013 curiosis
1776 1928 1891 2014 est
1944 1930 2461 2037 Lucernensis
2507 1935 3032 2028 Draconita,
3089 1934 3168 2015 in
3194 1937 3484 1995 Draconi--

446 2044 875 2159 praenobili
934 2039 1220 2127 familia
1258 2038 1613 2141 Clost'ana
1672 2038 2120 2149 depositus,
2196 2044 2580 2157 quoniam
2622 2045 2736 2129 sui
2778 2045 2886 2128 nil
2925 2022 3464 2170 habe12{„J,¹‡f‘'‘⁴

448 2156 707 2241 simile
743 2157 827 2239 in
874 2148 1810 2261 Regumcprineipum,
1874 2148 2545 2265 privatorumque
2623 2154 2945 2239 Museis.
3007 2152 3170 2239 Ex·

444 2266 755 2351 cusabit
806 2290 931 2348 me
966 2261 1129 2371 ipsa
1194 2262 1565 2343 Materiae
1614 2257 2140 2367 singularitas,
2198 2261 2250 2345 fi
2303 2266 2692 2373 prolixior
2727 2263 2974 2375 paulo.
3002 2265 3175 2352 sum

440 2378 531 2461 in
582 2374 1119 2481 descriptione
1172 2370 1411 2476 hujus
1450 2368 1779 2479 Lapidis
1812 2428 1836 2469 ,
1910 2374 2050 2479 qui
2104 2373 2658 2475 Dracontita‚
2715 2364 3183 2484 Δρωκοντῖτις,

440 2481 919 2596 Agendum&-
954 2484 1057 2567 sc.
1116 2480 1472 2565 Gemma
1492 2534 1517 2573 ,
1580 2479 2156 2583 Dracontitis,
2209 2484 2717 2584 Dracontia,
2771 2488 3186 2581 ‘Draconi-

442 2615 617 2683 tes,
678 2615 1204 2700 nuncupatur.
1250 2593 1511 2702 Hujus
1544 2589 1878 2701 sequens
1916 2615 2140 2679 extat
2188 2594 2629 2704 descriptio
2667 2598 2879 2702 apud
2906 2598 3185 2677 Plini-

440 2735 583 2788 um
622 2704 825 2811 Hist.
853 2703 1056 2810 Not.
1084 2701 1539 2786 Lib.xxxv1
1566 2730 1635 2784 1.
1672 2699 1873 2810 Cap.
1905 2731 2031 2786 10.
2062 2705 2566 2785 ‘Draconites
2583 2703 2768 2810 sive
2809 2705 3190 2784 Dracon-

441 2819 579 2900 tia
624 2819 667 2896 e
702 2813 1039 2899 Cerebro
1050 2810 1169 2917 fit
1206 2811 1677 2894 Draconum
1694 2871 1719 2907 ,
1755 2810 1914 2917 sed
1938 2811 2098 2918 nisi
2120 2812 2594 2897 viventibus
2646 2814 2958 2919 absttffo
2984 2841 3188 2896 nun-

444 2953 691 3040 quam
726 2924 1175 3038 gemmestit
1190 2981 1215 3020 ,
1271 2921 1617 3004 invidia'
1641 2920 2056 3006 Animalis
2093 2924 2406 3028 marist
2437 2925 2896 3030 fi’ntientis.
3008 2923 3180 3037 Igi-

440 3059 599 3120 tur
635 3033 1195 3120 dormientibus
1247 3049 1689 3141 amputant.
1806 3031 2176 3132 Sotacus,
2232 3035 2376 3145 qui
2423 3037 2680 3136 visam
2725 3064 2892 3118 eam
2945 3037 3180 3118 Gem-

436 3173 651 3230 mam
683 3143 840 3251 sibi
900 3144 1121 3254 apud
1186 3141 1479 3254 Regem
1526 3141 1851 3250 firipli't
1869 3202 1893 3241 ,
1952 3141 2160 3259 bigis
2224 3143 2418 3227 vehi
2471 3166 2912 3257 quaerentes
2999 3165 3178 3228 tra·
3229 3161 3232 3164 ’

440 3259 625 3352 din
700 3253 783 3342 &
843 3257 1016 3358 viso
1080 3253 1471 3335 Dracone
1500 3253 1887 3365 spargere
1902 3253 2313 3361 somnifica
2369 3257 2935 3341 medicamenta
2952 3318 2977 3357 ,
3051 3275 3181 3339 at-

438 3395 602 3480 que
630 3364 1090 3473 praecidere.
1202 3361 1386 3466 Effe
1439 3380 1703 3444 autem
1744 3363 2100 3449 Candore
2146 3367 2642 3452 translucido
2664 3429 2686 3462 ‚
2747 3397 2889 3450 nec
2913 3367 3180 3471 postea

416 3477 732 3590 poliri,
792 3492 931 3554 aut
977 3493 1235 3556 artem
1288 3473 1809 3556 admittere.-
1850 3473 2014 3560 Cui
2068 3476 2460 3585 subjungo
2505 3477 2978 3586 sequentem
3039 3472 3176 3554 So-

444 3589 604 3670 lini
690 3581 1066 3682 Polybio.
1140 3583 1338 3691 Cap.
1418 3611 1547 3690 30.
1663 3581 2121 3667 Exciditur
2191 3589 2234 3666 e
2296 3586 2634 3669 Cerebro
2705 3584 3178 3667 Draconum

440 3693 961 3782 Dracontius
1011 3688 1271 3800 Lapis
1287 3750 1314 3789 ‚
1354 3691 1507 3790 sed
1567 3687 1820 3802 Lapis
1884 3719 2034 3778 non
2093 3695 2234 3807 est,
2289 3695 2453 3804 nist*
2483 3695 2970 3780 detrahatur
3043 3699 3175 3778 vi-

440 3803 867 3898 ventibus,
932 3827 1110 3881 nam
1122 3801 1219 3905 st
1244 3800 1471 3884 obeat
1487 3804 1735 3912 prius
1750 3807 2081 3914 serpens
2097 3868 2118 3902 ‚
2171 3833 2346 3889 cum
2386 3809 2652 3890 anima
2703 3803 2929 3906 simul
2975 3835 3176 3889 eva-

438 3915 763 4026 nestit„
810 3909 1121 3992 duritie
1152 3913 1442 4016 soluta.
1572 3909 1753 4020 ‘Ufh
1806 3913 1981 4024 ejus
2051 3919 2428 3999 Orientis
2489 3919 2749 4032 Reges
2769 3921 3180 4028 praecipuc²

426 4027 905 4144 gloriantur
943 4072 966 4115 ‚
1058 4047 1502 4132 quanquam
1572 4023 1867 4106 nullum
1956 4029 2425 4110 lenocinium
2495 4032 2713 4112 artis
2781 4025 3170 4113 admittat

418 4133 898 4248 soliditate,
956 4129 1043 4218 &
1116 4129 1505 4244 quicquid
1540 4135 1623 4212 in
1656 4159 1735 4212 eo
1773 4135 2026 4216 nobile
2085 4137 2229 4244 est,
2283 4165 2431 4221 non
2485 4168 2761 4223 manus
2785 4140 3122 4244 faciant
3142 4195 3168 4235 ,

442 4273 593 4334 nec
649 4243 1031 4340 alterius,
1103 4267 1345 4353 quam
1396 4238 1747 4323 Nature
1801 4243 2090 4327 candor
2107 4247 2224 4354 st
2254 4305 2278 4345 ,
2351 4275 2502 4360 quo
2555 4251 2932 4331 reluceat.
2990 4251 3184 4330 Au·-

434 4365 625 4446 ὅσα·
706 4351 1033 4437 Sotacus
1106 4353 1517 4440 Gemmam
1567 4349 1765 4438 banc
1823 4355 2074 4440 etiam
2135 4360 2390 4465 visam
2438 4357 2598 4469 fibi
2640 4356 2979 4472 scribit,
3037 4361 3124 4448 &
3140 4423 3168 4463 ‚

2239 4472 2448 4557 Aaa
2567 4559 2572 4564 ,
2997 4476 3176 4588 qui-
