3992 5213
758 390 3302 517 ·3841TERA·L⁷P1NUM

838 552 1177 629 vertens
1226 534 1483 617 omnia
1502 586 1521 622 ‚
1582 534 2005 649 Regionem
2039 530 2552 621 Animalibus
2599 532 3030 622 viduabat:
3092 536 3224 621 hic
3253 530 3437 621 mox'
3471 564 3572 622 ae
3621 599 3632 609 -

838 646 1235 758 Equitum
1269 643 1698 729 adventum
1720 645 2131 744 advertit,
2169 646 2438 726 veluti
2466 643 2564 727 de
2579 644 2876 754 prailae
2902 648 3269 757 cupidine
3303 652 3566 766 tripu-

712 787 721 793 ·
840 758 1111 853 diens,
1168 757 1253 839 in
1300 783 1425 839 eos
1470 756 1655 837 adeo
1680 757 1982 868 grandi
2029 758 2324 865 impetu
2371 758 2672 852 irruit,
2733 772 2824 839 ut
2833 755 3116 863 statim
3147 759 3571 869 juniorem

824 872 1193 978 fratrem
1242 871 1727 952 Baltrarnum
1776 866 2066 947 vivum
2116 865 2650 975 absorpserit:
2709 865 3081 979 Syntram
3135 898 3328 953 vero
3379 874 3564 956 adeo

782 1020 791 1033 ·
824 981 1227 1087 fortiter,
1295 980 1459 1089 qua*
1506 976 1787 1084 hastis,
1856 976 2022 1089 qud
2081 976 2431 1091 gladiis,
2499 979 2864 1060 comitum
2911 998 3051 1087 ope
3081 984 3256 1089 sifi
3288 982 3568 1067 bellue
3615 1074 3622 1081 ‚

842 1092 1194 1199 oppofitit
1214 1146 1239 1186 ‚
1294 1109 1382 1169 ut
1422 1088 1737 1171 tandem
1778 1116 1946 1170 eam
1977 1090 2423 1196 peremerit
2445 1147 2470 1187 ,
2506 1089 2886 1201 stiffoque
2942 1092 3224 1201 Bestia
3279 1114 3570 1179 ventre

821 1206 1192 1306 fratrem
1236 1198 1490 1281 adhuc
1504 1202 1955 1309 spirantem
1999 1199 2181 1280 inde
2207 1203 2725 1294 extraxerit,
2779 1202 3035 1285 eodem
3083 1211 3411 1313 prorsus
3457 1209 3568 1289 lo-

838 1337 966 1398 co,
1026 1312 1160 1395 ubi
1193 1310 1421 1393 hodie
1442 1309 1690 1413 juxta
1728 1310 2095 1393 Bernam·
2111 1310 2499 1415 sacellum
2529 1309 2610 1393 S.
2651 1309 3172 1425 Margeritae‚
3233 1317 3442 1429 quod
3462 1319 3577 1401 ad

840 1424 973 1507 rei
1006 1440 1373 1532 patrate
1418 1422 1864 1505 memoriam
1916 1421 2076 1529 ipfi
2107 1418 2398 1503 Duces'
2451 1440 3040 1521 extruxerunt,
3097 1426 3220 1507 Hi
3280 1432 3564 1512 oriam-

844 1562 995 1646 qne
1034 1533 1350 1646 depingi
1400 1550 1835 1627 curarunt,
1904 1531 1989 1613 in
2047 1530 2250 1613 hunc
2301 1534 2540 1643 usque
2573 1532 2777 1616 diem
2794 1535 3329 1644 spetJabilem.
3357 1544 3565 1628 Haec

852 1644 1253 1753 Athanaſs
1308 1643 1759 1730 Kircherus
1790 1670 1896 1729 ex
1948 1641 2222 1751 Cvstzti
2279 1640 2876 1755 Beschreibung
2922 1647 3068 1731 der
3108 1648 3244 1733 IV..
3279 1646 3567 1736 wald-

844 1754 1138 1842 stetten
1179 1756 1449 1867 Seep.
1498 1786 1678 1864 175.
1737 1758 1818 1839 in
1852 1751 2148 1837 Mund.
2185 1751 2544 1837 Subterr.
2605 1754 2775 1838 Lib.
2813 1756 3012 1840 VIII.
3067 1785 3145 1869 p.
3189 1762 3332 1868 94.
3395 1760 3561 1870 Ipse

842 1894 1043 1955 vero
1090 1866 1427 1997 Cysatus
1475 1868 1668 1951 citat
1706 1862 1897 1971 Jac.
1958 1863 2193 1944 Man.
2308 1860 2754 1949 Historiam
2803 1866 3165 1955 Austriae.
3225 1870 3334 1955 Et
3368 1874 3566 1955 [γα-

828 2006 1133 2091 gnerus
1172 2006 1253 2062 m
1314 1976 1518 2069 Hm.
1632 1974 1841 2058 Nat.
1899 1970 2234 2055 Helvet.
2305 2000 2384 2081 p.
2447 1988 2628 2079 246.
2711 1978 2884 2083 haec
2939 1978 3239 2066 habet:
3371 1980 3564 2067 Cum

836 2092 1035 2173 Arx
1058 2084 1509 2199 Burgdorffi
1544 2085 1808 2195 oppidi
1842 2082 2232 2189 ‹edificari
2269 2100 2518 2194 coepta
2553 2090 2733 2189 effl’t
2751 2086 3044 2195 ,juxta
3077 2118 3246 2173 eum
3277 2093 3562 2183 locum,

838 2199 1029 2281 duos
1066 2200 1439 2281 immanes
1470 2198 1886 2282 Dracones
1927 2196 2012 2276 in
2046 2194 2346 2290 Cryeta
2384 2194 2748 2308 degentes
2781 2197 3286 2306 deprehensos
3317 2206 3566 2313 fluffl·
3667 2296 3672 2301 ‚

838 2310 1200 2393 Annales
1234 2308 1643 2391 Helvetiae
1708 2306 2142 2407 testantur3
2205 2303 2428 2386 hodie
2485 2334 2580 2390 ue
2623 2306 2928 2416 Crypta
2963 2310 3077 2392 ad
3123 2312 3424 2397 Arcem
3451 2312 3565 2421 st·

834 2440 971 2525 ta,
1012 2422 1264 2535 vulgo
1304 2418 1443 2505 das
1471 2416 2090 2516 Drackenloch‚
2131 2414 2228 2498 id
2249 2414 2392 2524 est,
2497 2420 2814 2503 raconis
2833 2423 3139 2535 Crypta
3161 2482 3188 2523 ,
3219 2430 3568 2511 nomina-

840 2550 1050 2728 ‘wion
1088 2641 1545 2748 Miscellan.
1602 2639 1808 2726 Nat.
1870 2641 2178 2746 Curiofi
2227 2638 2606 2724 German.
2661 2637 3023 2768 DecRJI.
3091 2645 3314 2736 Ann.
3365 2648 3422 2734 I.
3479 2657 3556 2749 §-

854 2784 1032 2858 ης.
1082 2743 1408 2840 ‘mentio
1473 2751 1565 2837 fit
1604 2755 2033 2866 serpentis,
2087 2753 2227 2867 qui
2281 2755 2382 2836 A.
2450 2758 2688 2836 1680.
2747 2755 3243 2866 primo-vere
3310 2785 3572 2874 prope
3747 2765 3754 2772 '

844 2865 1353 2966 Lausannam
1395 2907 1443 2956 ‚·
1487 2866 1532 2947 ὲ
1566 2864 1873 2958 rusticis
1955 2861 2497 2975 deprehensus
2579 2859 2734 2959 est,
2807 2881 3050 2948 tantae
3124 2871 3356 2953 molis
3395 2931 3420 2970 ,
3475 2896 3565 2959 ut

842 2999 1285 3087 utrumque
1323 2999 1505 3058 crus
1549 2973 2050 3060 carnosius&
2109 2971 2431 3058 crassius
2469 2974 2846 3084 aequarit,
2901 2973 3028 3073 ἃ,
3081 2979 3307 3091 quod
3341 2991 3576 3070 mon.

844 3085 972 3172 stri
1015 3089 1205 3172 loco
1247 3083 1408 3182 est,
1462 3087 1761 3170 auritus
1794 3084 1969 3170 fuit.

960 3198 1091 3284 De
1125 3196 1205 3281 S.
1232 3192 1525 3284 Beato,
1584 3197 1811 3308 cujus
1844 3193 2426 3281 Eremitorium
2461 3218 2658 3278 mox
2698 3191 2936 3279 visuri
2953 3194 3263 3298 sumus»,
3297 3229 3575 3290 rumor

846 3309 1007 3394 fert
1069 3310 1279 3421 apud
1332 3307 1761 3420 scriptoies
1824 3307 2343 3402 Pontificum,
2397 3304 2650 3411 ipsum
2707 3314 2892 3390 ante
2929 3309 3390 3420 Draconem
3419 3315 3572 3402 im'-

844 3445 1168 3504 manem
1232 3445 1566 3530 precum
1604 3420 1685 3503 ἃ
1742 3419 1819 3504 S.
1878 3419 2170 3504 Crucis
2221 3415 2566 3500 subsidio
2616 3417 2695 3499 in
2751 3415 3072 3530 Crypta.
3109 3422 3212 3506 ad
3269 3425 3571 3514 Lacum
3631 3489 3638 3496 .

848 3529 1379 3617 Thunensem
1448 3527 1931 3616 interemisse
1976 3589 2002 3627 ,
2069 3529 2315 3642 quium
2373 3551 2552 3610 eam
2611 3525 3199 3616 inhabitaverit.
3271 3536 3434 3620 vid·
3491 3539 3572 3620 Ρ.

848 3643 1096 3754 Lang.
1156 3639 1477 3729 Christl·
1536 3642 1859 3728 Cathol.
1924 3639 2257 3727 Helvet.
2317 3665 2394 3751 p.
2463 3665 2646 3749 532.
2705 3645 2889 3749 677.

858 3863 1049 3938 DE
1176 3861 2304 3942 TERRITORIO
2429 3809 3574 3980 LucssnN'ENm.

972 4075 1395 4160 Enuntiari
1427 4072 1620 4158 vere
1658 4068 1962 4184 potest,
1999 4070 2231 4184 quod
2269 4071 2378 4156 de
2401 4067 2700 4156 Babele
2748 4072 2964 4157 saera
2986 4069 3382 4160 vaticinia
3419 4079 3586 4164 elo-

703 4235 718 4254 ·
854 4211 1107 4303 quuta
1150 4189 1329 4274 sunt
1360 4243 1385 4284 ,
1440 4187 1621 4274 fore
1650 4211 1839 4270 eam
1874 4185 2332 4295 speluncam
2368 4182 2450 4267 δι
2485 4185 2760 4270 sedem
2799 4183 3294 4271 Draconum.
3347 4189 3591 4274 Adeo

856 4325 1023 4386 non
1062 4299 1178 4384 est
1232 4301 1389 4385 ulla
1472 4299 1877 4384 Helvetiae
1944 4293 2260 4407 Regio,
2373 4320 2560 4406 quae
2655 4317 2782 4379 tot
2838 4317 3332 4382 enumerare
3413 4300 3592 4410 pos.

854 4413 990 4498 fit-
1064 4410 1539 4496 Draconum
1655 4407 2045 4495 Historias
2086 4462 2113 4503 ,
2185 4422 2392 4532 quot
2471 4401 3052 4491 Lucernens182
3132 4429 3222 4492 ut
3287 4412 3594 4520 patebit

846 4551 961 4610 ex
1050 4521 1590 4634 sequentibus.
1708 4520 1844 4604 De
1881 4515 2396 4604 Dracombus
2453 4518 2672 4602 alatis
2705 4515 2916 4600 adeo
2969 4513 3343 4606 dubitant
3409 4543 3596 4607 eru·
3665 4565 3674 4574 ·

3461 4631 3597 4715 di-
