3992 5213
850 351 873 369 ·
914 328 1001 447 Q
1056 325 1140 417 U
1194 326 1233 415 1
1287 325 1383 415 N
1435 320 1519 413 T
1571 320 1658 413 U
1714 319 1855 425 M,
1964 311 2254 403 ANNI
2301 316 2759 403 Moccw
3106 318 3280 431 ξας

534 467 803 549 eorum
812 461 1483 568 firmentantium
1504 460 1759 567 faeces
1772 472 1937 568 per
1950 455 2476 573 substantiam
2504 466 2604 568 Je
2635 454 3092 571 diffundant
3113 509 3139 547 ‚
3191 449 3279 539 ὅ

540 577 899 683 diverffis
956 587 1324 681 occupent
1373 572 1695 684 angulos
1709 626 1737 669 ,
1806 570 2246 679 variasque
2306 568 2494 651 adeo
2542 580 2971 679 causentur
3024 562 3305 673 pinu-0

544 713 705 770 ras.
785 686 1001 791 Qae
1038 708 1215 767 mea
1260 679 1353 765 fit
1394 679 2119 789 meh82doeebunt
2135 678 2554 808 sequentes
2589 683 2884 767 Literae
2923 679 3026 763 ad
3066 674 3284 757 Clar.

544 806 647 879 νῦν
682 804 759 877 ει
791 790 1488 897 dysme-Dominum
1534 788 1977 899 Matthiam
2021 794 2470 875 Henncum
2503 790 3029 905 Schachtium
3050 842 3077 883 ,
3112 786 3284 869 Re-

549 903 855 1010 &Qrem
894 902 1211 988 Scholae
1253 899 1962 985 Cartemundenfis
2007 901 2092 987 in
2125 897 2405 986 Fionia
2433 900 2571 986 die
2619 910 2748 988 18.
2780 902 2998 986 Nov.
3045 903 3284 999 1699.
3343 906 3347 911 ’

542 1016 1005 1127 perscriptae
1038 1071 1067 1111 ,
1122 1010 1541 1101 occasione
1588 1007 2018 1097 Trastatus
2075 1013 2122 1095 ὲ
2173 1010 2498 1098 laudato
2535 1016 2714 1097 viro
2755 1002 3282 1124 promiffi'de
3407 1088 3421 1123 .-

548 1126 883 1237 Figuris
931 1123 1317 1205 hominum
1360 1122 1445 1202 in
1484 1120 1577 1203 V
1562 1121 2079 1233 egetabilibus
2094 1181 2120 1220 ,
2151 1118 2238 1208 ὅ
2263 1120 3020 1315 viruncalicsedalis
3035 1174 3060 1215 ,
3090 1129 3288 1201 cum

551 1236 921 1319 omnibus
960 1234 1113 1319 suis
1150 1234 1529 1317 membris
1575 1230 1757 1315 rudi
1794 1230 2190 1317 rusticano
2229 1233 2612 1341 penicillo
2735 1229 2972 1343 epiffl
3020 1226 3290 1331 inLi-

546 1370 713 1453 gno
750 1342 1359 1454 Fagino‚quem
1405 1368 1508 1427 ex
1547 1341 1773 1425 dono
1810 1340 2293 1423 Cl·‘Domini
2343 1339 2817 1443 Hanhardi‚
2874 1342 2979 1427 V.
3009 1338 3115 1425 D.
3159 1334 3288 1433 M·
3345 1436 3350 1441 ,

546 1450 1185 1539 Kurzdorffenfis
1234 1454 1317 1537 in
1360 1453 1779 1561 Turgovia
1833 1450 2232 1560 poffideO.
3121 1458 3126 1463 ’

656 1564 742 1647 E
744 1564 1171 1647 ruditionis
1190 1561 1605 1671 periodum
1622 1617 1645 1655 ,
1672 1583 1843 1669 quae
1866 1558 2315 1662 Australem
2348 1583 2550 1642 nunc
2554 1564 2882 1675 plagam
2898 1562 3284 1673 reliquit,

462 1732 479 1747 ·
550 1674 662 1757 ad
688 1700 839 1757 vos
852 1668 1564 1784 juresuccffonis
1594 1668 2094 1765 devolutam,
2147 1668 2434 1777 quibus
2475 1698 2690 1753 arva
2705 1668 3068 1781 Riphaeis
3107 1695 3298 1749 raro

549 1784 891 1867 viduata
913 1782 1249 1894 pruinis
1274 1837 1300 1876 ‚
1356 1776 1748 1887 testantur
1777 1795 1896 1860 tot
1939 1779 2260 1891 egregia
2287 1792 2778 1883 monumenta
2793 1834 2813 1869 ‚
2839 1783 3294 1890 finestente
3405 1794 3409 1799 ’

550 1895 979 2004 hocsteculo
998 1890 1056 1971 a*
1072 1888 1837 2001 stptentrionalibus
1851 1889 2396 1996 scriptoribus
2431 1890 2832 2001 exstructa
2857 1930 2877 1991 ς
2902 1896 3298 2003 testantur

548 2009 633 2089 in
695 2007 991 2108 menses
1050 2010 1198 2083 imo
1244 2002 1328 2083 in
1382 2000 1553 2081 dies
1606 2000 1890 2083 Maris
1946 1998 2318 2083 Balthici
2372 1998 2630 2109 Nova
2669 2002 3104 2087 Literaria
3153 2028 3295 2083 ve-

548 2118 641 2197 re
694 2115 1117 2208 literaria,
1188 2137 1357 2221 quae
1394 2109 1552 2218 sub
1586 2109 1977 2219 auspiciis
2027 2113 2458 2218 φιλομέσ-ωι
2483 2110 3055 2221 ἰαύει-σκήψῃ
3090 2129 3290 2196 nata

546 2243 673 2309 tot
709 2228 903 2335 fere
932 2251 1041 2305 ex
1096 2240 1333 2305 antro
1356 2276 1380 2314 ‚
1437 2220 1650 2332 quod
1692 2220 1907 2333 longo
1964 2222 2376 2306 marcebat
2391 2222 2610 2324 situ,
2649 2227 2750 2308 ·in
2783 2228 3108 2309 luminis
3149 2248 3294 2307 au-

546 2365 691 2420 ras
708 2337 1230 2446 protulerunt
1266 2332 1498 2414 viros
1514 2386 1537 2425 ‚
1596 2348 1783 2441 quot
1816 2333 2220 2439 nominant
2267 2332 2654 2419 eruditos.
2785 2335 3022 2419 Tales
3074 2337 3294 2420 inter

544 2446 671 2531 Tu
715 2446 923 2529 VIR
970 2444 1123 2555 ἐμῷ
1163 2438 1616 2554 Κεχαιςισ-μέη
1650 2450 1865 2551 eope?
1906 2444 2272 2557 effulges,
2329 2444 2570 2527 Luna
2609 2447 2840 2527 velut
2856 2444 3139 2551 stellas
3171 2450 3298 2527 in-

548 2578 689 2641 ter
733 2558 1109 2644 minores,
1180 2560 1262 2643 [⁴5
1319 2557 1561 2638 talem
1606 2550 1719 2637 Te
1771 2554 2097 2652 volunt,
2153 2556 2302 2636 imo
2338 2556 2576 2636 vivis
2604 2556 2992 2637 coloribus
3026 2555 3298 2663 depin-

536 2685 756 2782 gunt
812 2671 983 2778 ipsa
1034 2668 1187 2748 illa
1247 2663 1489 2746 Nova
1507 2718 1527 2752 ‚
1586 2666 1896 2776 qualem
1948 2682 2044 2744 te
2076 2663 2465 2769 desiderat
2498 2680 2783 2775 anceps
2819 2659 3300 2746 Literarum

520 2777 839 2883 status,
895 2779 1207 2888 qualem
1226 2777 1486 2882 ficuli
1516 2773 1755 2886 hujus
1788 2773 2093 2856 eruditi
2130 2779 2764 2886 complementum
2788 2777 3148 2887 exposuit
3169 2779 3304 2882 se-
3379 2801 3390 2818 ··

549 2917 653 2972 ra
684 2887 917 2999 ipsius
954 2885 1429 2970 eruditionis
1466 2903 1663 2970 aetas
1682 2945 1705 2983 ,
1757 2885 2065 2997 qualem
2096 2883 2630 3000 efflagitavit,
2673 2903 2917 3000 atque
2953 2885 3302 2968 obtinuit
3428 2971 3434 2982 ,

415 3039 453 3065 0
550 2996 906 3100 Natura
936 2999 1583 3102 ffiptentrionalis
1598 3055 1624 3094 ,
1682 3023 1854 3108 quae
1878 2997 2176 3080 dudum
2200 3000 2404 3105 sane*
2445 2999 2716 3082 veluti
2745 3001 2832 3081 in
2865 2997 3293 3082 Democri-

550 3112 630 3192 ti
646 3125 889 3218 puteo
915 3113 1237 3219 sepulta
1293 3109 1664 3203 delituit,
1701 3125 2140 3222 permagna
2211 3107 2621 3212 curiositas
2639 3171 2664 3208 ‚
2747 3111 3055 3222 qualem
3101 3129 3284 3192 tan-

550 3220 725 3302 dem
769 3237 1143 3329 tanquam
1175 3222 1431 3304 oculos
1458 3218 1951 3330 animamque
1978 3246 2226 3301 meam
2267 3249 2434 3304 amo
2451 3279 2478 3319 ‚
2507 3249 2646 3306 nec
2679 3227 2934 3306 aliter
2946 3227 3286 3332 posticia,

550 3358 781 3443 quem
834 3328 1095 3410 eadem
1128 3356 1419 3414 mecum
1456 3330 1681 3444 capit
1713 3330 2044 3411 rariora
2094 3328 2443 3416 Naturae
2481 3333 2766 3522 invegi
2816 3333 3038 3412 andae
3079 3329 3286 3410 lubi-

554 3441 691 3536 do,
806 3441 889 3520 ui
924 3465 1211 3521 mecum
1238 3443 1357 3524 ad
1371 3441 1695 3526 eun'dem
1738 3442 2010 3523 veluti
2029 3445 2391 3551 stopum,
2443 3441 2630 3524 DE
2731 3362 2848 3522 fil
2873 3467 2979 3520 ex
3027 3440 3314 3549 operi-⁴

548 3549 705 3636 bus
830 3568 913 3630 at
926 3575 1088 3632 urae
1131 3551 1642 3661 glorificandi
1681 3571 1921 3634 natus
1955 3549 2042 3640 δέ
2076 3553 2344 3636 datus.
2400 3549 2852 3661 Testimonio
2872 3553 3076 3658 stant
3090 3566 3290 3661 pro-

554 3665 789 3768 miffae
824 3654 919 3742 de
952 3657 1352 3771 figuratis
1385 3661 1787 3770 lapidibus
1850 3661 2436 3772 septentrionis
2477 3663 3031 3748 narrationes,
3089 3689 3291 3774 quas

560 3800 730 3855 cum
758 3771 1295 3881 Σοωκαιρριδοκίςι
1334 3775 1673 3882 expecto.
1732 3772 1928 3856 Tam
1958 3776 2165 3856 enim
2203 3774 2342 3858 hoc
2363 3829 2389 3870 ,
2455 3774 2844 3888 quicquid
2867 3771 3010 3882 est,
3038 3775 3293 3880 studii

561 3909 730 3964 amo
748 3941 773 3980 ‚
794 3884 941 3962 imo
972 3881 1293 3989 depereo
1308 3943 1335 3982 ‚
1389 3903 1481 3968 ut
1500 3887 1867 3996 pretiosa
1878 3901 2164 3994 putem
2192 3905 2574 3970 momenta
2629 3889 2940 3998 quavis
2975 3889 3051 3970 ei
3078 3885 3296 3967 dica-

562 4011 657 4074 ta
679 4023 705 4070 s
764 3991 885 4072 Et
919 3990 1083 4073 haec
1110 3997 1283 4102 ipsa
1324 3995 1425 4100 est
1472 3998 1728 4088 ratio,
1784 3997 1994 4106 quod
2024 3997 2248 4084 haud
2277 4001 2402 4082 ita
2421 3998 2748 4109 pridem
2779 4015 2939 4110 per
2993 3995 3296 4078 ExceL-

418 4107 433 4122 “
565 4101 1053 4204 lentiffi'mum
1098 4122 1362 4214 -atque
1407 4105 1959 4204 ‘Doctiffimum
2017 4109 2454 4190 Dominum
2491 4107 2977 4211 Stolterfoth
3009 4106 3152 4182 abs
3185 4101 3296 4188 Te

542 4209 932 4324 petierim
952 4273 973 4308 ,
992 4232 1084 4294 ut
1119 4216 1204 4294 in
1220 4215 1543 4320 factum
1564 4211 1935 4318 promiffa
1964 4235 2432 4316 revocares,
2461 4218 2546 4304 {⁴5
2567 4241 2860 4318 mecum
2877 4213 3310 4327 λιθοφῖλες.

402 4427 421 4440 ⁰
564 4323 803 4418 alios,
859 4350 1185 4432 quorum
1218 4327 1302 4406 in
1328 4323 1634 4433 Anglia
1674 4323 2130 4432 prasertim
2165 4327 2433 4439 ingens
2465 4325 2568 4433 est
2601 4349 3006 4428 numerus,
3041 4331 3296 4440 obser-

566 4452 801 4512 vatis
830 4437 1001 4516 tuis
1050 4435 1353 4520 beares.
1394 4435 1545 4517 Me
1590 4433 1797 4548 quod
1821 4437 2128 4525 attinet
2149 4493 2176 4536 ‚
2215 4464 2521 4522 omnem
2567 4443 2785 4525 certe
2819 4443 3138 4528 movebo
3181 4445 3302 4522 la-

2243 4547 2546 4661 Ggg.·
3165 4548 3304 4653 pi-
