3992 5213
810 342 912 456 Q
956 343 1046 431 U
1106 343 1161 431 1·
1200 342 1284 429 N
1333 340 1425 428 T
1478 340 1571 428 U
1624 321 1767 437 M,
1880 337 2170 415 ANNI
2223 328 2682 429 Moccvr,
3013 379 3181 459 405

452 488 603 573 iam
640 482 1004 571 cohiberi
1062 483 1382 596 prorsus
1433 481 1792 577 fluxum,
1845 480 2288 590 praesertim
2327 480 2382 566 fi
2417 476 2814 567 immundi
2869 479 3172 597 aliquid

290 643 295 649 ·
448 596 531 683 in
568 622 693 683 eo
743 598 1096 691 lavetur,
1151 620 1391 707 quam
1428 590 2098 677 circumstantiam
2147 591 2503 679 unanimi
2553 619 2700 678 ore
2754 591 3173 693 adserunt,

445 728 643 817 quot
709 727 854 792 uot
899 707 1044 789 hac
1086 704 1194 789 de
1226 730 1313 789 re
1362 704 1785 787 adlocutus
1819 703 2016 786 sum.
2147 708 2513 817 ,Aquam
2562 703 2806 815 ipsam
2839 691 2996 787 effe
3029 704 3172 789 fri-

446 818 609 929 gidi
680 842 923 901 imam
998 812 1081 897 &
1136 812 1759 924 limpidiffimam
1806 869 1833 908 ,
1904 808 1987 893 &
2047 814 2394 913 maxima
2457 814 2840 897 aviditate
2913 812 3175 921 gusta-

448 930 510 1013 ri
552 930 599 1010 a
642 926 1068 1035 jumentis,
1133 950 1316 1038 quae
1371 922 1683 1009 fluxum
1732 921 1979 1005 fontis
2037 919 2464 1034 expeCient
2542 926 2792 1007 veluti
2865 922 3179 1021 studio,

448 1058 537 1123 ut
574 1037 682 1122 de
736 1064 841 1121 eo
878 1038 1149 1121 bibant
1187 1036 1497 1144 potiuS,
1551 1057 1792 1145 quam
1828 1030 1934 1117 de
1968 1034 2413 1118 aliis'etiarn
2453 1033 2872 1145 pellucidis
2907 1034 3180 1143 aquiS,

350 1188 359 1198 ,
452 1170 630 1257 qnae
677 1148 895 1257 larga
952 1148 1034 1229 in
1070 1145 1367 1230 eodem
1405 1142 2195 1251 pascuoscaturiunt
2234 1145 2494 1254 copia.
2609 1142 2838 1229 Ferri
2872 1145 3010 1227 has
3055 1146 3172 1227 A·
3217 1246 3224 1251 ⁷

449 1282 639 1369 quas
690 1255 1139 1367 periodicas
1196 1270 1359 1339 tam
1421 1254 1579 1338 leni
1626 1278 2038 1336 murmure
2095 1254 2330 1364 super
2377 1254 2797 1361 pascuum,
2869 1252 2954 1337 δε
3001 1257 3170 1341 vel-

452 1369 565 1451 uti
618 1367 935 1463 tacitaS,
987 1388 1075 1449 ut
1128 1364 1441 1449 Rorem
1490 1360 1797 1447 Herbis
1846 1362 2322 1448 insidentem
2374 1389 2538 1448 non
2576 1364 2938 1461 abluant,
2993 1366 3167 1449 hic·

452 1502 609 1588 que
641 1502 785 1588 per
842 1476 1201 1561 medium
1242 1472 1642 1583 Engstlani
1685 1470 1983 1567 Fontis,
2025 1472 2471 1582 Crystallini
2507 1475 2865 1585 conspici
2926 1476 3159 1563 facile

448 1584 685 1696 poffit
726 1588 807 1671 in
836 1584 1148 1696 singulis
1182 1586 1357 1689 ejus
1375 1582 1657 1667 Guttis
1688 1582 2062 1667 Gramini
2099 1581 2475 1693 inspersis.
2589 1582 2720 1666 De
2767 1585 2884 1667 rei
2924 1590 3160 1694 ipsius

450 1698 917 1781 veritatem
978 1695 1329 1886 {encrali
1374 1694 1667 1786 sumta,
1744 1690 1799 1775 fi
1860 1718 2024 1777 non
2085 1693 2419 1803 singulas
2487 1692 2921 1777 admittere
2972 1698 3167 1779 veli·-

444 1830 623 1893 mus
654 1806 1001 1890 circumi
1036 1804 1325 1901 antias,
1376 1830 1544 1887 non
1582 1802 1732 1895 est,
1787 1829 1934 1886 cur
1968 1804 2453 1891 dubitemus.
2567 1801 2964 1888 Nostrum
3011 1806 3168 1890 erit
3257 1886 3261 1893 .

443 1916 971 2003 Phaenomeni
1020 1937 1181 1999 tam
1217 1915 1412 2010 rari,
1466 1916 1599 1999 cui
1648 1914 1894 1997 simile
1933 1915 2017 1998 in
2056 1912 2386 2025 Europa
2417 1915 2554 2001 vix
2597 1913 2814 1999 forte
2874 1934 3166 2001 occur-'

438 2028 587 2123 rit,
642 2024 1113 2135 investigare
1150 2024 1453 2121 causaS,
1514 2024 1613 2109 ad
1658 2024 1999 2135 quarum
2043 2027 2618 2111 enodationem
2668 2051 2834 2111 non
2877 2053 3159 2141 parum

414 2138 662 2248 -juvat
704 2136 1234 2221 consideratio
1272 2134 1498 2219 situs:
1562 2130 1713 2219 Est
1754 2159 2102 2245 namque
2149 2136 2526 2247 pascuum
2585 2138 2746 2221 hoc
2803 2137 3158 2250 Engstla··

436 2274 685 2340 num,
744 2244 827 2329 &
865 2245 1271 2357 speciatim
1310 2243 1490 2331 fons
1528 2243 1795 2331 noster
1832 2243 2414 2357 Temporarius
2469 2250 2773 2348 clausus
2827 2251 3156 2362 Alpium

366 2368 379 2375 ”
433 2354 976 2443 altiffimarum
1019 2358 1354 2467 perenni
1406 2358 1641 2449 nive,
1680 2353 2154 2468 Glacieque
2223 2357 2656 2445 obsitarum
2697 2349 2968 2469 Jugi33
3047 2363 3154 2447 ad

428 2466 1087 2577 Septentrionem
1130 2465 1360 2551 strata
1394 2467 1685 2553 horum
1722 2465 2122 2576 Jugorum
2174 2470 2574 2554 laminaria
2626 2470 2726 2551 ad
2779 2470 3155 2555 occasum

428 2578 618 2665 sunt
652 2578 1059 2662 inclinata:
1123 2576 1417 2661 Altiori
1516 2603 1697 2662 uam
1718 2576 1931 2662 Fons
1965 2578 2173 2686 ipse,
2228 2578 2497 2660 versus
2539 2589 2808 2663 or‘tum
2851 2578 2991 2663 fitu
3034 2581 3154 2662 lo-

428 2711 667 2774 catus
706 2686 819 2772 est
851 2687 1059 2772 haud
1104 2687 1387 2796 procul
1518 2713 1709 2770 acus
1770 2687 1950 2795 ipse·
1994 2685 2526 2800 Engstlanus,
2582 2686 2730 2770 der
2793 2686 3160 2802 Engstler

428 2797 628 2895 See,
686 2826 785 2894 ex
824 2800 1075 2908 Aquis
1113 2795 1597 2882 Glacialibus
1628 2799 1978 2884 confluis
2011 2793 2432 2898 collec‘iuS,
2483 2798 2990 2911 quiquidem
3034 2799 3160 2884 es·-

424 2909 620 2994 fluit
675 2935 821 3020 per
850 2912 1127 2994 rivum
1174 2905 1741 3020 Engstlanum,
1794 2908 1941 2998 den
2000 2907 2388 3025 Engstlen
2425 2907 2680 2993 Bach.
2792 2909 3010 2995 Haee
3059 2939 3158 2996 o·-

422 3020 693 3106 mnia,
747 3017 929 3106 fiad
996 3019 1531 3128 Philosophiae
1568 3020 1983 3106 modernae
2024 3022 2462 3108 Trutinam
2506 3023 3151 3134 perpendantur,
3301 3027 3308 3030 ’

422 3128 515 3212 δε
586 3130 969 3236 imprimis
1018 3132 1119 3213 ad
1164 3127 1671 3214 Mechanicae
1711 3129 1978 3240 Leges
2046 3133 2578 3232 reducantur,
2655 3137 3188 3247 aetiologiam.

418 3237 879 3324 admittunt
910 3239 1416 3352 sequentem,
1474 3237 1733 3324 Fratri
1771 3268 1955 3326 meo
1992 3241 2354 3350 Johanni
2379 3251 3063 3330 communicatam
3101 3250 3150 3329 a

418 3347 743 3436 subtilis
789 3351 1087 3455 ingenii
1140 3347 1736 3434 Mathematico
1790 3351 2220 3452 Basilienss,
2283 3353 2478 3461 Joh.
2550 3353 2876 3460 Jacobo.
2930 3353 3152 3433 Her-

420 3459 762 3552 manno,
818 3456 1263 3545 Profeffore
1315 3488 1528 3545 nunc
1568 3459 2032 3546 Matheseos
2071 3461 2579 3549 Francofurti
2615 3463 2712 3546 ad
2751 3459 3159 3564 Oti-eram,

423 3571 514 3655 in
558 3593 717 3681 qua
751 3592 911 3675 ego
949 3593 1101 3675 pro
1132 3593 1345 3654 nunc
1380 3571 1825 3683 acquiesce.
1900 3568 2304 3684 Corgjefifo,
2361 3573 2670 3686 inquit,
2726 3573 2937 3684 quod
2937 3591 3157 3681 prae-
3281 3611 3292 3616 ·

426 3681 787 3761 altorum
828 3676 1231 3758 Montium
1264 3677 1551 3760 vallem
1600 3677 2128 3793 Engstlanam
2181 3679 2689 3766 ambientium
2709 3682 2936 3795 juga
2999 3683 3161 3767 Ni·-

429 3787 682 3870 vibus
742 3803 1164 3900 tegantur,
1239 3815 1411 3900 quae
1460 3793 1762 3875 aHione
1814 3791 2254 3876 Radiorum
2293 3795 2686 3899 filarium
2731 3789 3159 3901 sufficiente

434 3899 773 4009 (qualis
839 3898 1286 4009 contingere
1351 3901 1639 4010 incipit
1708 3907 1958 4008 menst’
2007 3902 2326 4015 Junio)
2399 3907 2856 4016 liquefacta
2907 3908 3164 4018 magis

428 4009 877 4118 magisque,
935 4003 1355 4118 Terraeque
1375 4016 1549 4114 Jefh
1602 4011 2136 4114 infinuantes‚·
2157 4033 2316 4121 per
2365 4035 2673 4098 meatus
2710 4017 3165 4127 superficiei

410 4116 841 4231 propiores
892 4114 1285 4222 defluant,
1339 4137 1581 4228 atque
1624 4125 1704 4196 in
1756 4121 1872 4197 ali
1929 4145 2030 4196 ua
2061 4124 2284 4202 intra
2319 4145 2646 4220 montem
2692 4145 2836 4207 aut
2873 4124 3162 4212 vallem

412 4243 681 4338 prope
750 4227 987 4307 locum
1005 4285 1029 4321 ,
1084 4226 1221 4306 ubi
1272 4229 1551 4338 Aqua,
1631 4242 1771 4308 aut
1910 4251 2046 4308 ons
2102 4230 2246 4311 ille
2297 4234 2684 4340 erumpit,
2757 4235 3154 4348 Lapidu'm

416 4355 591 4420 -aeut
630 4332 959 4448 Argiae
988 4339 1493 4445 receptacula
1514 4337 2003 4453 effundatur.
2057 4339 2666 4449 Receptaculum
2709 4346 2955 4458 ipsum
3007 4357 3050 4452 (
3070 4356 3157 4436 in

436 4473 595 4560 quo
624 4473 793 4529 mea
832 4448 1187 4558 opinione
1222 4467 1473 4532 totum
1520 4447 2172 4559 reciprocationis
2207 4453 2298 4537 in
2326 4451 2690 4562 finnione
2755 4453 3158 4576 negotium'

2035 4581 2042 4590 ”
2979 4589 3153 4646 cott-
